1843 3166
691 182 834 215 mnan
868 183 910 216 11.
1434 196 1479 229 97

186 262 267 304 Sed
296 264 328 304 si
355 264 394 304 in
422 263 498 305 hac
520 279 602 305 una
624 274 684 306 est
715 280 761 306 ea
785 266 896 307 ratio
919 273 1047 323 atque
1071 264 1288 319 doctrina,
1317 284 1424 323 non,
1448 269 1480 310 si

125 344 195 400 qui
220 342 399 386 aliarum
429 344 586 386 artium
619 344 725 386 bene
753 343 885 387 locuti
911 355 1034 400 sunt,
1078 361 1128 387 eo
1166 347 1307 388 minus
1343 347 1383 388 id
1422 358 1482 390 est

125 422 252 481 liujus
281 424 407 465 unius
435 424 686 482 proprium3
713 423 787 466 sed
813 434 862 466 ut
887 434 1036 467 orator
1059 424 1111 467 de
1140 426 1189 467 iis
1215 426 1363 481 rebus,
1391 442 1482 485 qum

124 511 363 545 ceterarum
388 502 547 544 artium
574 512 694 557 sunt,
738 504 770 545 si
798 503 928 547 modo
963 521 1031 548 eas
1062 506 1261 565 cognorit
1296 505 1361 565 (ut
1394 506 1482 549 heri

124 582 304 625 Crassus
334 580 544 641 dicebat),
583 583 745 642 optime
776 593 917 643 potest
949 584 1118 627 dicere:
1157 586 1216 628 sic
1247 595 1484 629 ceterarum

124 662 282 704 artium
307 662 503 706 homines
526 664 722 707 ornatius
744 662 814 707 illa
844 680 921 707 sua
945 663 1120 721 dicunt,
1145 666 1179 708 si
1203 666 1307 726 quid
1329 667 1382 710 ab
1406 667 1487 710 hac

123 751 215 785 arte
237 741 494 786 didicerunt.

188 824 342 882 Neque
371 825 485 866 enim
517 825 551 866 si
586 823 639 867 de
668 825 838 868 rusticis
868 825 998 868 rebus
1034 824 1222 885 agricola
1248 826 1458 886 quispiam
1476 861 1486 878 ,

125 913 195 947 aut
223 904 351 946 etiam
377 904 442 958 id,
471 904 588 963 quod
617 904 768 960 multi,
812 905 1005 949 medicus
1035 905 1088 948 de
1120 906 1303 962 morbis,
1335 917 1409 949 aut
1438 906 1489 949 do

126 984 344 1045 pingendo
374 986 515 1044 pictor
543 985 697 1045 aliquis
727 986 886 1029 diserte
914 986 1091 1040 dixerit,
1133 996 1206 1029 aut
1241 987 1488 1046 scripserit,

128 1065 290 1108 ideirco
316 1064 429 1108 illius
451 1066 554 1109 artis
580 1065 772 1125 putanda
802 1066 855 1109 sit
881 1065 1128 1126 eloquentia
1155 1084 1164 1109 :
1203 1067 1244 1109 111
1268 1083 1352 1126 qua
1384 1068 1484 1126 quia

127 1146 191 1188 vis
213 1162 371 1206 magna
395 1156 457 1189 est
480 1146 523 1188 111
549 1146 775 1189 11011111111111
798 1147 1004 1207 ingeniis,
1029 1163 1080 1190 eo
1102 1146 1228 1190 multi
1249 1149 1377 1190 etiam
1398 1148 1490 1189 sine

128 1225 326 1269 doctrina
349 1226 513 1285 aliquid
537 1227 732 1269 omnium
762 1242 967 1287 generum
998 1236 1127 1285 atque
1152 1228 1310 1269 artium
1339 1242 1490 1269 conse-

126 1316 335 1365 quuntur.
366 1307 471 1361 Sed,
509 1306 614 1365 quid
644 1306 853 1365 cujusque
883 1307 937 1349 sit
967 1307 1216 1366 proprium,
1256 1307 1334 1349 etsi
1358 1322 1409 1350 ex
1437 1322 1488 1348 eo

123 1385 310 1446 judicari
338 1395 507 1446 potest,
549 1402 684 1445 quum
711 1384 890 1441 videris,
927 1385 1031 1445 quid
1066 1402 1246 1445 quaeque
1282 1385 1490 1440 doceant,

129 1475 272 1509 tamen
299 1466 381 1509 hoc
411 1466 570 1509 certius
596 1464 702 1507 1111111
733 1481 823 1508 esse
850 1475 1016 1524 potest,
1043 1481 1172 1525 quam
1199 1465 1315 1525 quod
1341 1482 1490 1509 omnes

129 1556 242 1589 artes
273 1545 364 1590 aliae
392 1547 483 1589 sine
518 1545 765 1605 eloquentia
799 1562 926 1589 suum
960 1563 1119 1589 munus
1158 1556 1360 1605 praestare
1390 1564 1491 1606 pos-

130 1636 251 1683 sunt,
278 1637 425 1671 orator
451 1628 543 1671 sine
567 1643 615 1670 ea
642 1643 801 1669 nomen
829 1642 954 1668 suum
984 1626 1182 1669 obtinere
1203 1642 1291 1668 non
1316 1636 1460 1686 potest
1481 1644 1490 1669 z

132 1716 178 1750 ut
202 1709 359 1763 ceteri,
402 1708 437 1750 si
467 1707 616 1749 diserti
643 1706 750 1760 sint,
791 1703 957 1764 aliquid
982 1705 1035 1747 ab
1063 1705 1144 1748 hoc
1176 1706 1388 1760 habeant3
1424 1708 1493 1750 hic

130 1788 212 1831 nisi
239 1787 483 1830 domesticis
505 1803 548 1830 se
572 1787 823 1830 instruxerit
846 1786 1005 1845 copiis,
1029 1784 1205 1830 aliunde
1230 1787 1401 1831 dicendi
1427 1805 1494 1831 co-

131 1869 245 1927 piam
271 1878 415 1928 petere
439 1885 526 1911 non
552 1868 698 1928 possit.

195 1951 247 1992 X.
263 1951 448 1992 -Tum
465 1947 666 2003 Catulus,
689 1948 806 2003 Etsi,
829 1948 990 2006 inquit,
1012 1948 1198 2003 Antoni,
1222 1948 1400 1992 minime
1418 1949 1494 1992 im-

132 2028 370 2089 pediendus
401 2038 465 2071 est
497 2026 843 2087 interpellatione
867 2027 945 2070 iste
972 2043 1124 2071 cursus
1150 2028 1358 2071 orationis
1384 2038 1492 2083 tuae,

135 2110 294 2168 patiere
319 2119 483 2164 tamen,
514 2108 706 2168 mihique
735 2109 942 2168 ignosces.
970 2126 990 2147 «
1014 2109 1117 2152 Non
1147 2108 1263 2151 enim
1293 2125 1493 2168 possum,

133 2190 238 2248 quin
258 2188 513 2246 exclamem,
533 2208 553 2229 »
580 2199 627 2232 ut
651 2189 709 2232 ait
734 2187 804 2232 ille
825 2189 868 2230 in
885 2189 1142 2231 Trinummo
1162 2205 1172 2232 :
1200 2190 1258 2232 ita
1280 2189 1387 2232 mihi
1407 2189 1493 2233 vim

134 2270 317 2313 oratoris
339 2286 473 2328 quum
492 2271 732 2329 exprimere
751 2268 967 2312 subtiliter
985 2270 1101 2313 visus
1119 2286 1184 2326 es,
1209 2280 1300 2313 tum
1322 2269 1495 2314 laudare

135 2350 458 2411 copiosissime:
496 2350 613 2409 quod
639 2350 815 2410 quidem
847 2349 1122 2409 eloquentem
1148 2349 1215 2393 vel
1242 2352 1405 2410 optime
1433 2351 1494 2394 fa·-

136 2447 231 2474 cere
251 2440 445 2490 oportet,
473 2440 521 2472 ut
538 2429 828 2489 eloquentiam
848 2429 1017 2485 laudet3
1042 2431 1170 2474 debet
1193 2433 1307 2474 enim
1325 2431 1379 2474 ad
1400 2447 1491 2474 eam

136 2509 420 2566 laudandam,
460 2512 593 2571 ipsam
633 2510 749 2554 illam
787 2510 1010 2565 adhibere,
1047 2528 1176 2570 quam
1214 2511 1369 2554 laudat.
1411 2511 1495 2554 Sed

138 2607 268 2651 perge
290 2607 440 2651 porro3
477 2591 552 2633 tibi
579 2591 693 2633 enim
720 2591 945 2645 assentior,
977 2600 1168 2634 vestrum
1201 2608 1290 2634 csse
1320 2591 1401 2633 lioc
1430 2600 1492 2633 to-

340 2691 384 2718 11.
1281 2688 1303 2722 ’7
