<?xml version="1.0" encoding="UTF-8"?>
<!DOCTYPE html PUBLIC "-//W3C//DTD XHTML 1.0 Transitional//EN"
    "http://www.w3.org/TR/xhtml1/DTD/xhtml1-transitional.dtd">
<html xmlns="http://www.w3.org/1999/xhtml" xml:lang="en" lang="en">
 <head>
  <title>
</title>
<meta http-equiv="Content-Type" content="text/html;charset=utf-8" />
  <meta name='ocr-system' content='tesseract 3.04.00' />
  <meta name='ocr-capabilities' content='ocr_page ocr_carea ocr_par ocr_line ocrx_word'/>
</head>
<body>
  <div class='ocr_page' id='page_1' title='image "./deoratorelibritr00ciceuoft_0075.png"; bbox 0 0 1843 3166; ppageno 0'>
   <div class='ocr_carea' id='block_1_1' title="bbox 706 195 1476 237">
    <p class='ocr_par' dir='ltr' id='par_1_1' title="bbox 706 195 1476 237">
     <span class='ocr_line' id='line_1_1' title="bbox 706 195 1476 237; baseline 0.009 -9"><span class='ocrx_word' id='word_1_1' title='bbox 706 195 849 230; x_wconf 83' lang='lat' dir='ltr'>LIBER</span> <span class='ocrx_word' id='word_1_2' title='bbox 878 196 905 229; x_wconf 88' lang='grc' dir='ltr'>Ι.</span> <span class='ocrx_word' id='word_1_3' title='bbox 1430 202 1476 237; x_wconf 67' lang='grc' dir='ltr'>(ἰῖ</span> 
     </span>
    </p>
   </div>
   <div class='ocr_carea' id='block_1_2' title="bbox 124 275 1506 2593">
    <p class='ocr_par' dir='ltr' id='par_1_2' title="bbox 124 275 1492 1223">
     <span class='ocr_line' id='line_1_2' title="bbox 191 275 1481 338; baseline 0.007 -18"><span class='ocrx_word' id='word_1_4' title='bbox 191 280 349 321; x_wconf 86' lang='lat' dir='ltr'>Verum</span> <span class='ocrx_word' id='word_1_5' title='bbox 385 278 465 320; x_wconf 87' lang='lat' dir='ltr'>hoc</span> <span class='ocrx_word' id='word_1_6' title='bbox 502 275 719 337; x_wconf 83' lang='lat' dir='ltr'>ingrediar</span> <span class='ocrx_word' id='word_1_7' title='bbox 756 277 808 320; x_wconf 83' lang='lat' dir='ltr'>ad</span> <span class='ocrx_word' id='word_1_8' title='bbox 841 294 908 333; x_wconf 85' lang='lat' dir='ltr'>ca,</span> <span class='ocrx_word' id='word_1_9' title='bbox 944 295 1038 338; x_wconf 83' lang='lat' dir='ltr'>quae</span> <span class='ocrx_word' id='word_1_10' title='bbox 1076 280 1224 336; x_wconf 72' lang='lat' dir='ltr'>vultis,</span> <span class='ocrx_word' id='word_1_11' title='bbox 1257 283 1481 336; x_wconf 82' lang='lat' dir='ltr'>audacius,</span> 
     </span>
     <span class='ocr_line' id='line_1_3' title="bbox 124 356 1477 424; baseline 0.006 -25"><span class='ocrx_word' id='word_1_12' title='bbox 124 357 239 417; x_wconf 83' lang='lat' dir='ltr'>quod</span> <span class='ocrx_word' id='word_1_13' title='bbox 268 356 376 401; x_wconf 90' lang='lat' dir='ltr'>idem</span> <span class='ocrx_word' id='word_1_14' title='bbox 402 357 504 400; x_wconf 83' lang='lat' dir='ltr'>mibi</span> <span class='ocrx_word' id='word_1_15' title='bbox 530 373 656 417; x_wconf 87' lang='lat' dir='ltr'>spero</span> <span class='ocrx_word' id='word_1_16' title='bbox 676 373 757 400; x_wconf 90' lang='lat' dir='ltr'>usu</span> <span class='ocrx_word' id='word_1_17' title='bbox 781 373 869 401; x_wconf 81' lang='lat' dir='ltr'>esse</span> <span class='ocrx_word' id='word_1_18' title='bbox 898 369 1131 404; x_wconf 88' lang='lat' dir='ltr'>venturum</span> <span class='ocrx_word' id='word_1_19' title='bbox 1155 362 1196 403; x_wconf 83' lang='lat' dir='ltr'>in</span> <span class='ocrx_word' id='word_1_20' title='bbox 1223 361 1303 405; x_wconf 86' lang='lat' dir='ltr'>hac</span> <span class='ocrx_word' id='word_1_21' title='bbox 1330 363 1477 424; x_wconf 87' lang='lat' dir='ltr'>dispu-</span> 
     </span>
     <span class='ocr_line' id='line_1_4' title="bbox 125 435 1479 501; baseline 0.005 -22"><span class='ocrx_word' id='word_1_22' title='bbox 125 437 311 489; x_wconf 80' lang='lat' dir='ltr'>tatione,</span> <span class='ocrx_word' id='word_1_23' title='bbox 349 435 466 495; x_wconf 84' lang='lat' dir='ltr'>quod</span> <span class='ocrx_word' id='word_1_24' title='bbox 502 437 545 479; x_wconf 89' lang='lat' dir='ltr'>in</span> <span class='ocrx_word' id='word_1_25' title='bbox 580 435 763 480; x_wconf 90' lang='lat' dir='ltr'>dicendo</span> <span class='ocrx_word' id='word_1_26' title='bbox 799 436 926 493; x_wconf 70' lang='lat' dir='ltr'>soter,</span> <span class='ocrx_word' id='word_1_27' title='bbox 962 448 1011 481; x_wconf 88' lang='lat' dir='ltr'>ut</span> <span class='ocrx_word' id='word_1_28' title='bbox 1055 438 1174 483; x_wconf 90' lang='lat' dir='ltr'>nulla</span> <span class='ocrx_word' id='word_1_29' title='bbox 1213 452 1479 501; x_wconf 80' lang='lat' dir='ltr'>exspectetur</span> 
     </span>
     <span class='ocr_line' id='line_1_5' title="bbox 125 517 1480 581; baseline 0.004 -21"><span class='ocrx_word' id='word_1_30' title='bbox 125 527 275 561; x_wconf 85' lang='lat' dir='ltr'>ornata</span> <span class='ocrx_word' id='word_1_31' title='bbox 301 517 452 560; x_wconf 87' lang='lat' dir='ltr'>oratio.</span> <span class='ocrx_word' id='word_1_32' title='bbox 478 517 632 576; x_wconf 83' lang='lat' dir='ltr'><strong>Neque</strong></span> <span class='ocrx_word' id='word_1_33' title='bbox 657 517 770 559; x_wconf 82' lang='lat' dir='ltr'>enim</span> <span class='ocrx_word' id='word_1_34' title='bbox 797 533 891 560; x_wconf 90' lang='lat' dir='ltr'>sum</span> <span class='ocrx_word' id='word_1_35' title='bbox 914 517 967 561; x_wconf 90' lang='lat' dir='ltr'>de</span> <span class='ocrx_word' id='word_1_36' title='bbox 991 528 1082 562; x_wconf 84' lang='lat' dir='ltr'>arte</span> <span class='ocrx_word' id='word_1_37' title='bbox 1107 518 1324 576; x_wconf 81' lang='lat' dir='ltr'>dicturus,</span> <span class='ocrx_word' id='word_1_38' title='bbox 1352 538 1480 581; x_wconf 86' lang='lat' dir='ltr'>quam</span> 
     </span>
     <span class='ocr_line' id='line_1_6' title="bbox 127 595 1485 661; baseline 0.003 -20"><span class='ocrx_word' id='word_1_39' title='bbox 127 613 345 657; x_wconf 89' lang='lat' dir='ltr'>nunquam</span> <span class='ocrx_word' id='word_1_40' title='bbox 372 596 521 650; x_wconf 86' lang='lat' dir='ltr'>didici,</span> <span class='ocrx_word' id='word_1_41' title='bbox 542 595 614 639; x_wconf 87' lang='lat' dir='ltr'>scd</span> <span class='ocrx_word' id='word_1_42' title='bbox 640 596 693 639; x_wconf 87' lang='lat' dir='ltr'>de</span> <span class='ocrx_word' id='word_1_43' title='bbox 717 613 810 641; x_wconf 79' lang='lat' dir='ltr'>mea</span> <span class='ocrx_word' id='word_1_44' title='bbox 837 598 1172 653; x_wconf 78' lang='lat' dir='ltr'>consuetudine3</span> <span class='ocrx_word' id='word_1_45' title='bbox 1194 601 1369 661; x_wconf 87' lang='lat' dir='ltr'>ipsaque</span> <span class='ocrx_word' id='word_1_46' title='bbox 1394 601 1485 654; x_wconf 76' lang='lat' dir='ltr'>illa,</span> 
     </span>
     <span class='ocr_line' id='line_1_7' title="bbox 126 677 1486 741; baseline 0.003 -20"><span class='ocrx_word' id='word_1_47' title='bbox 126 694 221 737; x_wconf 88' lang='lat' dir='ltr'>quae</span> <span class='ocrx_word' id='word_1_48' title='bbox 240 678 285 720; x_wconf 85' lang='lat' dir='ltr'>in</span> <span class='ocrx_word' id='word_1_49' title='bbox 305 677 666 720; x_wconf 85' lang='lat' dir='ltr'>commentarium</span> <span class='ocrx_word' id='word_1_50' title='bbox 689 693 834 721; x_wconf 83' lang='lat' dir='ltr'>meum</span> <span class='ocrx_word' id='word_1_51' title='bbox 854 677 1004 736; x_wconf 84' lang='lat' dir='ltr'>retuli,</span> <span class='ocrx_word' id='word_1_52' title='bbox 1024 689 1126 723; x_wconf 89' lang='lat' dir='ltr'>sunt</span> <span class='ocrx_word' id='word_1_53' title='bbox 1148 680 1378 741; x_wconf 89' lang='lat' dir='ltr'>ejusmodi,</span> <span class='ocrx_word' id='word_1_54' title='bbox 1400 698 1486 725; x_wconf 86' lang='lat' dir='ltr'>non</span> 
     </span>
     <span class='ocr_line' id='line_1_8' title="bbox 125 756 1488 818; baseline 0.004 -17"><span class='ocrx_word' id='word_1_55' title='bbox 125 756 270 818; x_wconf 90' lang='lat' dir='ltr'>aliqua</span> <span class='ocrx_word' id='word_1_56' title='bbox 298 758 403 801; x_wconf 85' lang='lat' dir='ltr'>mihi</span> <span class='ocrx_word' id='word_1_57' title='bbox 433 757 632 801; x_wconf 89' lang='lat' dir='ltr'>doctrina</span> <span class='ocrx_word' id='word_1_58' title='bbox 662 758 840 813; x_wconf 85' lang='lat' dir='ltr'>tradita,</span> <span class='ocrx_word' id='word_1_59' title='bbox 866 759 937 802; x_wconf 87' lang='lat' dir='ltr'>sed</span> <span class='ocrx_word' id='word_1_60' title='bbox 968 760 1012 803; x_wconf 92' lang='lat' dir='ltr'>in</span> <span class='ocrx_word' id='word_1_61' title='bbox 1042 777 1187 804; x_wconf 87' lang='lat' dir='ltr'>rerum</span> <span class='ocrx_word' id='word_1_62' title='bbox 1220 778 1301 806; x_wconf 93' lang='lat' dir='ltr'>usu</span> <span class='ocrx_word' id='word_1_63' title='bbox 1331 763 1488 806; x_wconf 90' lang='lat' dir='ltr'>causis-</span> 
     </span>
     <span class='ocr_line' id='line_1_9' title="bbox 128 838 1489 898; baseline 0.004 -17"><span class='ocrx_word' id='word_1_64' title='bbox 128 855 213 898; x_wconf 89' lang='lat' dir='ltr'>que</span> <span class='ocrx_word' id='word_1_65' title='bbox 249 847 431 882; x_wconf 83' lang='lat' dir='ltr'>tractata</span> <span class='ocrx_word' id='word_1_66' title='bbox 464 855 473 881; x_wconf 73' lang='grc' dir='ltr'><strong><em>ε</em></strong></span> <span class='ocrx_word' id='word_1_67' title='bbox 509 855 604 898; x_wconf 82' lang='lat' dir='ltr'>quae</span> <span class='ocrx_word' id='word_1_68' title='bbox 639 839 674 882; x_wconf 92' lang='lat' dir='ltr'>si</span> <span class='ocrx_word' id='word_1_69' title='bbox 713 838 853 895; x_wconf 89' lang='lat' dir='ltr'>vobis,</span> <span class='ocrx_word' id='word_1_70' title='bbox 890 839 1139 884; x_wconf 90' lang='lat' dir='ltr'>hominibus</span> <span class='ocrx_word' id='word_1_71' title='bbox 1170 841 1489 896; x_wconf 82' lang='lat' dir='ltr'>eruditissimis,</span> 
     </span>
     <span class='ocr_line' id='line_1_10' title="bbox 131 919 1488 982; baseline 0.002 -20"><span class='ocrx_word' id='word_1_72' title='bbox 131 936 216 963; x_wconf 92' lang='lat' dir='ltr'>non</span> <span class='ocrx_word' id='word_1_73' title='bbox 248 919 570 980; x_wconf 83' lang='lat' dir='ltr'>probabuntur,</span> <span class='ocrx_word' id='word_1_74' title='bbox 600 929 785 963; x_wconf 88' lang='lat' dir='ltr'>vestram</span> <span class='ocrx_word' id='word_1_75' title='bbox 818 921 1091 981; x_wconf 91' lang='lat' dir='ltr'>iniquitatem</span> <span class='ocrx_word' id='word_1_76' title='bbox 1124 932 1389 977; x_wconf 84' lang='lat' dir='ltr'>accusatote,</span> <span class='ocrx_word' id='word_1_77' title='bbox 1417 925 1488 982; x_wconf 88' lang='lat' dir='ltr'>qui</span> 
     </span>
     <span class='ocr_line' id='line_1_11' title="bbox 129 1000 1492 1061; baseline 0.002 -18"><span class='ocrx_word' id='word_1_78' title='bbox 129 1017 180 1043; x_wconf 83' lang='lat' dir='ltr'>ex</span> <span class='ocrx_word' id='word_1_79' title='bbox 204 1016 272 1044; x_wconf 92' lang='lat' dir='ltr'>me</span> <span class='ocrx_word' id='word_1_80' title='bbox 298 1016 346 1043; x_wconf 89' lang='lat' dir='ltr'>ea</span> <span class='ocrx_word' id='word_1_81' title='bbox 368 1000 644 1060; x_wconf 81' lang='lat' dir='ltr'>quaesieritis,</span> <span class='ocrx_word' id='word_1_82' title='bbox 664 1017 760 1060; x_wconf 85' lang='lat' dir='ltr'>quae</span> <span class='ocrx_word' id='word_1_83' title='bbox 780 1017 859 1061; x_wconf 81' lang='lat' dir='ltr'>ego</span> <span class='ocrx_word' id='word_1_84' title='bbox 885 1002 1092 1045; x_wconf 80' lang='lat' dir='ltr'>nescirem</span> <span class='ocrx_word' id='word_1_85' title='bbox 1115 1019 1124 1045; x_wconf 75' lang='lat' dir='ltr'><em>z</em></span> <span class='ocrx_word' id='word_1_86' title='bbox 1150 1019 1291 1046; x_wconf 87' lang='lat' dir='ltr'>meam</span> <span class='ocrx_word' id='word_1_87' title='bbox 1314 1001 1492 1047; x_wconf 85' lang='lat' dir='ltr'>facilita-</span> 
     </span>
     <span class='ocr_line' id='line_1_12' title="bbox 132 1081 1491 1143; baseline 0.002 -19"><span class='ocrx_word' id='word_1_88' title='bbox 132 1091 217 1125; x_wconf 86' lang='lat' dir='ltr'>tem</span> <span class='ocrx_word' id='word_1_89' title='bbox 247 1081 487 1134; x_wconf 88' lang='lat' dir='ltr'>laudatote,</span> <span class='ocrx_word' id='word_1_90' title='bbox 517 1098 618 1125; x_wconf 90' lang='lat' dir='ltr'>cum</span> <span class='ocrx_word' id='word_1_91' title='bbox 640 1081 784 1138; x_wconf 87' lang='lat' dir='ltr'>vobis,</span> <span class='ocrx_word' id='word_1_92' title='bbox 811 1099 899 1126; x_wconf 92' lang='lat' dir='ltr'>non</span> <span class='ocrx_word' id='word_1_93' title='bbox 926 1099 1021 1126; x_wconf 91' lang='lat' dir='ltr'>meo</span> <span class='ocrx_word' id='word_1_94' title='bbox 1041 1082 1224 1143; x_wconf 87' lang='lat' dir='ltr'>judicio,</span> <span class='ocrx_word' id='word_1_95' title='bbox 1253 1083 1325 1127; x_wconf 85' lang='lat' dir='ltr'>sed</span> <span class='ocrx_word' id='word_1_96' title='bbox 1352 1094 1491 1128; x_wconf 89' lang='lat' dir='ltr'>vestro</span> 
     </span>
     <span class='ocr_line' id='line_1_13' title="bbox 131 1161 1151 1223; baseline 0.003 -19"><span class='ocrx_word' id='word_1_97' title='bbox 131 1161 276 1206; x_wconf 89' lang='lat' dir='ltr'>studio</span> <span class='ocrx_word' id='word_1_98' title='bbox 305 1161 532 1216; x_wconf 90' lang='lat' dir='ltr'>inductus,</span> <span class='ocrx_word' id='word_1_99' title='bbox 559 1178 646 1205; x_wconf 88' lang='lat' dir='ltr'>non</span> <span class='ocrx_word' id='word_1_100' title='bbox 672 1171 848 1223; x_wconf 81' lang='lat' dir='ltr'>gravate</span> <span class='ocrx_word' id='word_1_101' title='bbox 873 1163 1151 1223; x_wconf 88' lang='lat' dir='ltr'>respondero.</span> 
     </span>
    </p>

    <p class='ocr_par' dir='ltr' id='par_1_3' title="bbox 133 1242 1495 1545">
     <span class='ocr_line' id='line_1_14' title="bbox 195 1242 1492 1303; baseline 0 -17"><span class='ocrx_word' id='word_1_102' title='bbox 195 1245 306 1286; x_wconf 92' lang='lat' dir='ltr'>Tum</span> <span class='ocrx_word' id='word_1_103' title='bbox 332 1244 538 1300; x_wconf 80' lang='lat' dir='ltr'><strong>Crassus,</strong></span> <span class='ocrx_word' id='word_1_104' title='bbox 569 1246 704 1303; x_wconf 82' lang='lat' dir='ltr'>Perge</span> <span class='ocrx_word' id='word_1_105' title='bbox 735 1242 886 1298; x_wconf 89' lang='lat' dir='ltr'>modo,</span> <span class='ocrx_word' id='word_1_106' title='bbox 919 1243 1082 1303; x_wconf 88' lang='lat' dir='ltr'>inquit,</span> <span class='ocrx_word' id='word_1_107' title='bbox 1110 1245 1288 1287; x_wconf 79' lang='lat' dir='ltr'>Antoni.</span> <span class='ocrx_word' id='word_1_108' title='bbox 1315 1243 1492 1287; x_wconf 88' lang='lat' dir='ltr'>Nullum</span> 
     </span>
     <span class='ocr_line' id='line_1_15' title="bbox 133 1321 1492 1384; baseline 0 -18"><span class='ocrx_word' id='word_1_109' title='bbox 133 1333 198 1367; x_wconf 89' lang='lat' dir='ltr'>est</span> <span class='ocrx_word' id='word_1_110' title='bbox 227 1324 342 1367; x_wconf 89' lang='lat' dir='ltr'>enim</span> <span class='ocrx_word' id='word_1_111' title='bbox 374 1322 638 1384; x_wconf 85' lang='lat' dir='ltr'>periculum,</span> <span class='ocrx_word' id='word_1_112' title='bbox 666 1339 719 1366; x_wconf 92' lang='lat' dir='ltr'>ne</span> <span class='ocrx_word' id='word_1_113' title='bbox 745 1322 850 1382; x_wconf 80' lang='lat' dir='ltr'>quid</span> <span class='ocrx_word' id='word_1_114' title='bbox 876 1333 922 1366; x_wconf 93' lang='lat' dir='ltr'>tu</span> <span class='ocrx_word' id='word_1_115' title='bbox 952 1321 1174 1383; x_wconf 81' lang='lat' dir='ltr'>eloquare,</span> <span class='ocrx_word' id='word_1_116' title='bbox 1204 1323 1285 1366; x_wconf 89' lang='lat' dir='ltr'>nisi</span> <span class='ocrx_word' id='word_1_117' title='bbox 1310 1325 1367 1366; x_wconf 81' lang='lat' dir='ltr'>ita</span> <span class='ocrx_word' id='word_1_118' title='bbox 1390 1340 1492 1383; x_wconf 86' lang='lat' dir='ltr'>pru-</span> 
     </span>
     <span class='ocr_line' id='line_1_16' title="bbox 134 1403 1495 1464; baseline 0 -17"><span class='ocrx_word' id='word_1_119' title='bbox 134 1403 305 1460; x_wconf 82' lang='lat' dir='ltr'>denter,</span> <span class='ocrx_word' id='word_1_120' title='bbox 336 1413 383 1447; x_wconf 84' lang='lat' dir='ltr'>ut</span> <span class='ocrx_word' id='word_1_121' title='bbox 408 1405 625 1448; x_wconf 85' lang='lat' dir='ltr'>neminem</span> <span class='ocrx_word' id='word_1_122' title='bbox 652 1413 850 1448; x_wconf 84' lang='lat' dir='ltr'>nostrum</span> <span class='ocrx_word' id='word_1_123' title='bbox 877 1404 1085 1464; x_wconf 82' lang='lat' dir='ltr'>poeniteat</span> <span class='ocrx_word' id='word_1_124' title='bbox 1114 1403 1168 1447; x_wconf 93' lang='lat' dir='ltr'>ad</span> <span class='ocrx_word' id='word_1_125' title='bbox 1193 1403 1310 1448; x_wconf 87' lang='lat' dir='ltr'>hunc</span> <span class='ocrx_word' id='word_1_126' title='bbox 1341 1413 1382 1447; x_wconf 89' lang='lat' dir='ltr'>te</span> <span class='ocrx_word' id='word_1_127' title='bbox 1410 1420 1495 1447; x_wconf 82' lang='lat' dir='ltr'>ser-</span> 
     </span>
     <span class='ocr_line' id='line_1_17' title="bbox 135 1482 565 1545; baseline 0.002 -18"><span class='ocrx_word' id='word_1_128' title='bbox 135 1500 308 1528; x_wconf 89' lang='lat' dir='ltr'>monem</span> <span class='ocrx_word' id='word_1_129' title='bbox 330 1482 565 1545; x_wconf 87' lang='lat' dir='ltr'>impulisse.</span> 
     </span>
    </p>

    <p class='ocr_par' dir='ltr' id='par_1_4' title="bbox 137 1564 1506 2593">
     <span class='ocr_line' id='line_1_18' title="bbox 207 1564 1494 1627; baseline -0.002 -18"><span class='ocrx_word' id='word_1_130' title='bbox 207 1567 300 1625; x_wconf 84' lang='lat' dir='ltr'>Ego</span> <span class='ocrx_word' id='word_1_131' title='bbox 339 1581 467 1621; x_wconf 92' lang='lat' dir='ltr'>vero,</span> <span class='ocrx_word' id='word_1_132' title='bbox 516 1566 683 1626; x_wconf 87' lang='lat' dir='ltr'>inquit,</span> <span class='ocrx_word' id='word_1_133' title='bbox 736 1582 944 1627; x_wconf 74' lang='lat' dir='ltr'>pergam,</span> <span class='ocrx_word' id='word_1_134' title='bbox 989 1575 1032 1609; x_wconf 89' lang='lat' dir='ltr'>et</span> <span class='ocrx_word' id='word_1_135' title='bbox 1071 1565 1114 1608; x_wconf 91' lang='lat' dir='ltr'>id</span> <span class='ocrx_word' id='word_1_136' title='bbox 1149 1565 1328 1621; x_wconf 87' lang='lat' dir='ltr'>faciam,</span> <span class='ocrx_word' id='word_1_137' title='bbox 1379 1564 1494 1624; x_wconf 89' lang='lat' dir='ltr'>quod</span> 
     </span>
     <span class='ocr_line' id='line_1_19' title="bbox 137 1645 1498 1707; baseline -0.001 -18"><span class='ocrx_word' id='word_1_138' title='bbox 137 1646 182 1690; x_wconf 90' lang='lat' dir='ltr'>in</span> <span class='ocrx_word' id='word_1_139' title='bbox 216 1646 433 1707; x_wconf 88' lang='lat' dir='ltr'>principio</span> <span class='ocrx_word' id='word_1_140' title='bbox 468 1645 559 1690; x_wconf 87' lang='lat' dir='ltr'>fieri</span> <span class='ocrx_word' id='word_1_141' title='bbox 592 1647 635 1689; x_wconf 92' lang='lat' dir='ltr'>in</span> <span class='ocrx_word' id='word_1_142' title='bbox 669 1647 871 1690; x_wconf 87' lang='lat' dir='ltr'>omnibus</span> <span class='ocrx_word' id='word_1_143' title='bbox 901 1646 1267 1706; x_wconf 84' lang='lat' dir='ltr'><strong>disputationibus</strong></span> <span class='ocrx_word' id='word_1_144' title='bbox 1299 1655 1498 1706; x_wconf 86' lang='lat' dir='ltr'>oportere</span> 
     </span>
     <span class='ocr_line' id='line_1_20' title="bbox 137 1724 1497 1788; baseline -0.002 -17"><span class='ocrx_word' id='word_1_145' title='bbox 137 1743 321 1771; x_wconf 88' lang='lat' dir='ltr'>censeo:</span> <span class='ocrx_word' id='word_1_146' title='bbox 358 1737 425 1783; x_wconf 92' lang='lat' dir='ltr'>ut,</span> <span class='ocrx_word' id='word_1_147' title='bbox 455 1727 560 1786; x_wconf 90' lang='lat' dir='ltr'>quid</span> <span class='ocrx_word' id='word_1_148' title='bbox 596 1726 704 1770; x_wconf 91' lang='lat' dir='ltr'>illud</span> <span class='ocrx_word' id='word_1_149' title='bbox 740 1728 814 1783; x_wconf 88' lang='lat' dir='ltr'>sit,</span> <span class='ocrx_word' id='word_1_150' title='bbox 850 1726 902 1771; x_wconf 93' lang='lat' dir='ltr'>de</span> <span class='ocrx_word' id='word_1_151' title='bbox 936 1744 1024 1786; x_wconf 93' lang='lat' dir='ltr'>quo</span> <span class='ocrx_word' id='word_1_152' title='bbox 1058 1726 1321 1788; x_wconf 87' lang='lat' dir='ltr'>disputetur,</span> <span class='ocrx_word' id='word_1_153' title='bbox 1352 1724 1497 1786; x_wconf 84' lang='lat' dir='ltr'>expla-</span> 
     </span>
     <span class='ocr_line' id='line_1_21' title="bbox 140 1805 1499 1867; baseline -0.001 -18"><span class='ocrx_word' id='word_1_154' title='bbox 140 1816 295 1865; x_wconf 84' lang='lat' dir='ltr'>netur,</span> <span class='ocrx_word' id='word_1_155' title='bbox 328 1824 381 1850; x_wconf 91' lang='lat' dir='ltr'>ne</span> <span class='ocrx_word' id='word_1_156' title='bbox 417 1807 563 1867; x_wconf 84' lang='lat' dir='ltr'>vagari</span> <span class='ocrx_word' id='word_1_157' title='bbox 597 1817 640 1850; x_wconf 91' lang='lat' dir='ltr'>et</span> <span class='ocrx_word' id='word_1_158' title='bbox 675 1823 820 1850; x_wconf 85' lang='lat' dir='ltr'>errare</span> <span class='ocrx_word' id='word_1_159' title='bbox 855 1816 1038 1867; x_wconf 85' lang='lat' dir='ltr'>cogatur</span> <span class='ocrx_word' id='word_1_160' title='bbox 1070 1807 1234 1861; x_wconf 85' lang='lat' dir='ltr'>oratio,</span> <span class='ocrx_word' id='word_1_161' title='bbox 1270 1806 1303 1850; x_wconf 93' lang='lat' dir='ltr'>si</span> <span class='ocrx_word' id='word_1_162' title='bbox 1337 1806 1391 1860; x_wconf 93' lang='lat' dir='ltr'>ii,</span> <span class='ocrx_word' id='word_1_163' title='bbox 1426 1805 1499 1865; x_wconf 85' lang='lat' dir='ltr'>qui</span> 
     </span>
     <span class='ocr_line' id='line_1_22' title="bbox 142 1886 1500 1947; baseline -0.001 -17"><span class='ocrx_word' id='word_1_164' title='bbox 142 1888 255 1931; x_wconf 88' lang='lat' dir='ltr'>inter</span> <span class='ocrx_word' id='word_1_165' title='bbox 282 1904 326 1931; x_wconf 91' lang='lat' dir='ltr'>se</span> <span class='ocrx_word' id='word_1_166' title='bbox 353 1886 651 1944; x_wconf 84' lang='lat' dir='ltr'>dissenserint,</span> <span class='ocrx_word' id='word_1_167' title='bbox 689 1904 777 1930; x_wconf 91' lang='lat' dir='ltr'>non</span> <span class='ocrx_word' id='word_1_168' title='bbox 806 1887 917 1931; x_wconf 85' lang='lat' dir='ltr'>idem</span> <span class='ocrx_word' id='word_1_169' title='bbox 942 1903 1032 1931; x_wconf 87' lang='lat' dir='ltr'>esse</span> <span class='ocrx_word' id='word_1_170' title='bbox 1055 1886 1182 1943; x_wconf 88' lang='lat' dir='ltr'>illud,</span> <span class='ocrx_word' id='word_1_171' title='bbox 1214 1904 1301 1947; x_wconf 90' lang='lat' dir='ltr'>quo</span> <span class='ocrx_word' id='word_1_172' title='bbox 1327 1886 1378 1930; x_wconf 93' lang='lat' dir='ltr'>de</span> <span class='ocrx_word' id='word_1_173' title='bbox 1409 1887 1500 1946; x_wconf 82' lang='lat' dir='ltr'>agi-</span> 
     </span>
     <span class='ocr_line' id='line_1_23' title="bbox 142 1967 1502 2029; baseline -0.002 -17"><span class='ocrx_word' id='word_1_174' title='bbox 142 1977 234 2026; x_wconf 88' lang='lat' dir='ltr'>tur,</span> <span class='ocrx_word' id='word_1_175' title='bbox 267 1967 524 2029; x_wconf 82' lang='lat' dir='ltr'>intelligant.</span> <span class='ocrx_word' id='word_1_176' title='bbox 567 1970 701 2022; x_wconf 89' lang='lat' dir='ltr'>Nam,</span> <span class='ocrx_word' id='word_1_177' title='bbox 738 1969 771 2011; x_wconf 90' lang='lat' dir='ltr'>si</span> <span class='ocrx_word' id='word_1_178' title='bbox 811 1968 921 2012; x_wconf 86' lang='lat' dir='ltr'>forte</span> <span class='ocrx_word' id='word_1_179' title='bbox 951 1978 1235 2028; x_wconf 79' lang='lat' dir='ltr'>quaereretur,</span> <span class='ocrx_word' id='word_1_180' title='bbox 1273 1984 1367 2027; x_wconf 85' lang='lat' dir='ltr'>quae</span> <span class='ocrx_word' id='word_1_181' title='bbox 1393 1977 1502 2010; x_wconf 85' lang='lat' dir='ltr'>esset</span> 
     </span>
     <span class='ocr_line' id='line_1_24' title="bbox 143 2048 1501 2111; baseline -0.004 -17"><span class='ocrx_word' id='word_1_182' title='bbox 143 2067 212 2094; x_wconf 86' lang='lat' dir='ltr'>ars</span> <span class='ocrx_word' id='word_1_183' title='bbox 237 2050 526 2111; x_wconf 87' lang='lat' dir='ltr'>imperatoris,</span> <span class='ocrx_word' id='word_1_184' title='bbox 553 2049 902 2093; x_wconf 86' lang='lat' dir='ltr'>constituendum</span> <span class='ocrx_word' id='word_1_185' title='bbox 925 2059 1124 2110; x_wconf 89' lang='lat' dir='ltr'>putarem</span> <span class='ocrx_word' id='word_1_186' title='bbox 1144 2049 1376 2108; x_wconf 87' lang='lat' dir='ltr'>principio,</span> <span class='ocrx_word' id='word_1_187' title='bbox 1406 2048 1501 2106; x_wconf 86' lang='lat' dir='ltr'>quis</span> 
     </span>
     <span class='ocr_line' id='line_1_25' title="bbox 145 2126 1501 2191; baseline -0.004 -17"><span class='ocrx_word' id='word_1_188' title='bbox 145 2139 256 2173; x_wconf 87' lang='lat' dir='ltr'>esset</span> <span class='ocrx_word' id='word_1_189' title='bbox 282 2131 520 2191; x_wconf 87' lang='lat' dir='ltr'>imperator</span> <span class='ocrx_word' id='word_1_190' title='bbox 547 2147 555 2173; x_wconf 91' lang='lat'>:</span> <span class='ocrx_word' id='word_1_191' title='bbox 588 2130 661 2190; x_wconf 89' lang='lat' dir='ltr'>qui</span> <span class='ocrx_word' id='word_1_192' title='bbox 691 2146 827 2189; x_wconf 90' lang='lat' dir='ltr'>quum</span> <span class='ocrx_word' id='word_1_193' title='bbox 857 2139 967 2173; x_wconf 90' lang='lat' dir='ltr'>esset</span> <span class='ocrx_word' id='word_1_194' title='bbox 1000 2129 1262 2172; x_wconf 89' lang='lat' dir='ltr'>constitutus</span> <span class='ocrx_word' id='word_1_195' title='bbox 1295 2126 1501 2170; x_wconf 88' lang='lat' dir='ltr'>adminis-</span> 
     </span>
     <span class='ocr_line' id='line_1_26' title="bbox 147 2207 1504 2271; baseline -0.002 -18"><span class='ocrx_word' id='word_1_196' title='bbox 147 2220 284 2254; x_wconf 90' lang='lat' dir='ltr'>trator</span> <span class='ocrx_word' id='word_1_197' title='bbox 306 2211 483 2271; x_wconf 87' lang='lat' dir='ltr'>quidam</span> <span class='ocrx_word' id='word_1_198' title='bbox 507 2210 608 2254; x_wconf 88' lang='lat' dir='ltr'>belli</span> <span class='ocrx_word' id='word_1_199' title='bbox 634 2209 836 2271; x_wconf 83' lang='lat' dir='ltr'>gerendi,</span> <span class='ocrx_word' id='word_1_200' title='bbox 860 2219 951 2253; x_wconf 89' lang='lat' dir='ltr'>tum</span> <span class='ocrx_word' id='word_1_201' title='bbox 972 2209 1304 2269; x_wconf 84' lang='lat' dir='ltr'>adjungeremus</span> <span class='ocrx_word' id='word_1_202' title='bbox 1323 2207 1375 2250; x_wconf 90' lang='lat' dir='ltr'>de</span> <span class='ocrx_word' id='word_1_203' title='bbox 1392 2224 1504 2251; x_wconf 79' lang='lat' dir='ltr'>exer-</span> 
     </span>
     <span class='ocr_line' id='line_1_27' title="bbox 149 2286 1504 2351; baseline -0.003 -17"><span class='ocrx_word' id='word_1_204' title='bbox 149 2291 258 2347; x_wconf 89' lang='lat' dir='ltr'>citu,</span> <span class='ocrx_word' id='word_1_205' title='bbox 290 2290 342 2334; x_wconf 92' lang='lat' dir='ltr'>de</span> <span class='ocrx_word' id='word_1_206' title='bbox 371 2292 547 2346; x_wconf 86' lang='lat' dir='ltr'>castris,</span> <span class='ocrx_word' id='word_1_207' title='bbox 579 2291 632 2335; x_wconf 91' lang='lat' dir='ltr'>de</span> <span class='ocrx_word' id='word_1_208' title='bbox 666 2290 932 2351; x_wconf 82' lang='lat' dir='ltr'>agminibus,</span> <span class='ocrx_word' id='word_1_209' title='bbox 971 2288 1024 2332; x_wconf 88' lang='lat' dir='ltr'>de</span> <span class='ocrx_word' id='word_1_210' title='bbox 1057 2290 1279 2349; x_wconf 86' lang='lat' dir='ltr'>signorum</span> <span class='ocrx_word' id='word_1_211' title='bbox 1312 2286 1504 2331; x_wconf 77' lang='lat' dir='ltr'>collatio-</span> 
     </span>
     <span class='ocr_line' id='line_1_28' title="bbox 150 2368 1505 2432; baseline -0.004 -17"><span class='ocrx_word' id='word_1_212' title='bbox 150 2371 301 2427; x_wconf 84' lang='lat' dir='ltr'>nibus,</span> <span class='ocrx_word' id='word_1_213' title='bbox 331 2370 383 2414; x_wconf 91' lang='lat' dir='ltr'>dc</span> <span class='ocrx_word' id='word_1_214' title='bbox 411 2371 675 2432; x_wconf 91' lang='lat' dir='ltr'>oppidorum</span> <span class='ocrx_word' id='word_1_215' title='bbox 705 2370 1127 2431; x_wconf 83' lang='lat' dir='ltr'>oppugnationibus,</span> <span class='ocrx_word' id='word_1_216' title='bbox 1161 2368 1213 2412; x_wconf 90' lang='lat' dir='ltr'>de</span> <span class='ocrx_word' id='word_1_217' title='bbox 1242 2376 1505 2422; x_wconf 75' lang='lat' dir='ltr'>commeatu,</span> 
     </span>
     <span class='ocr_line' id='line_1_29' title="bbox 151 2448 1505 2512; baseline -0.004 -18"><span class='ocrx_word' id='word_1_218' title='bbox 151 2451 204 2495; x_wconf 90' lang='lat' dir='ltr'>de</span> <span class='ocrx_word' id='word_1_219' title='bbox 236 2451 399 2496; x_wconf 87' lang='lat' dir='ltr'>insidiis</span> <span class='ocrx_word' id='word_1_220' title='bbox 427 2451 632 2496; x_wconf 88' lang='lat' dir='ltr'>faciendis</span> <span class='ocrx_word' id='word_1_221' title='bbox 664 2462 794 2512; x_wconf 85' lang='lat' dir='ltr'>atque</span> <span class='ocrx_word' id='word_1_222' title='bbox 828 2450 1032 2505; x_wconf 80' lang='lat' dir='ltr'>vitandis,</span> <span class='ocrx_word' id='word_1_223' title='bbox 1061 2449 1113 2494; x_wconf 88' lang='lat' dir='ltr'>de</span> <span class='ocrx_word' id='word_1_224' title='bbox 1149 2448 1326 2509; x_wconf 86' lang='lat' dir='ltr'>reliquis</span> <span class='ocrx_word' id='word_1_225' title='bbox 1359 2448 1505 2499; x_wconf 85' lang='lat' dir='ltr'>rebus,</span> 
     </span>
     <span class='ocr_line' id='line_1_30' title="bbox 151 2529 1506 2593; baseline -0.004 -17"><span class='ocrx_word' id='word_1_226' title='bbox 151 2548 246 2592; x_wconf 86' lang='lat' dir='ltr'>quae</span> <span class='ocrx_word' id='word_1_227' title='bbox 281 2542 423 2576; x_wconf 88' lang='lat' dir='ltr'>essent</span> <span class='ocrx_word' id='word_1_228' title='bbox 457 2534 642 2593; x_wconf 86' lang='lat' dir='ltr'>propriae</span> <span class='ocrx_word' id='word_1_229' title='bbox 679 2531 781 2575; x_wconf 87' lang='lat' dir='ltr'>belli</span> <span class='ocrx_word' id='word_1_230' title='bbox 821 2529 1181 2586; x_wconf 76' lang='lat' dir='ltr'>administrandi3</span> <span class='ocrx_word' id='word_1_231' title='bbox 1214 2545 1397 2589; x_wconf 89' lang='lat' dir='ltr'>quarum</span> <span class='ocrx_word' id='word_1_232' title='bbox 1433 2529 1506 2587; x_wconf 82' lang='lat' dir='ltr'>qui</span> 
     </span>
    </p>
   </div>
   <div class='ocr_carea' id='block_1_3' title="bbox 152 2611 1507 2673">
    <p class='ocr_par' dir='ltr' id='par_1_5' title="bbox 152 2611 1507 2673">
     <span class='ocr_line' id='line_1_31' title="bbox 152 2611 1507 2673; baseline -0.005 -16"><span class='ocrx_word' id='word_1_233' title='bbox 152 2622 291 2657; x_wconf 84' lang='lat' dir='ltr'>essent</span> <span class='ocrx_word' id='word_1_234' title='bbox 314 2614 458 2657; x_wconf 90' lang='lat' dir='ltr'>animo</span> <span class='ocrx_word' id='word_1_235' title='bbox 485 2622 527 2656; x_wconf 83' lang='lat' dir='ltr'>et</span> <span class='ocrx_word' id='word_1_236' title='bbox 557 2613 735 2656; x_wconf 85' lang='lat' dir='ltr'>scientia</span> <span class='ocrx_word' id='word_1_237' title='bbox 756 2621 996 2673; x_wconf 81' lang='lat' dir='ltr'>compotes,</span> <span class='ocrx_word' id='word_1_238' title='bbox 1020 2627 1091 2654; x_wconf 89' lang='lat' dir='ltr'>eos</span> <span class='ocrx_word' id='word_1_239' title='bbox 1114 2626 1204 2654; x_wconf 90' lang='lat' dir='ltr'>esse</span> <span class='ocrx_word' id='word_1_240' title='bbox 1229 2611 1507 2669; x_wconf 82' lang='lat' dir='ltr'>imperatores</span> 
     </span>
    </p>
   </div>
  </div>
 </body>
</html>
