1843 3166
687 193 827 227 unm
859 194 904 227 ῐῖ.
1408 211 1474 242 ‚77

125 271 252 332 idque
275 273 438 317 diceret
459 289 568 324 esse,
598 276 761 317 Acwm
786 290 886 317 rtur.
909 277 952 317 Ι).
976 274 1175 329 Ῑὶυτιυις
1204 279 1390 324 Rutilius
1410 298 1478 324 au-

120 363 227 407 tem,
255 370 371 397 ANTE
397 369 602 406 merum,
640 369 748 397 Pos‘r
777 371 1012 409 memmium
1046 357 1095 398 C.
1128 358 1308 413 (Lanius,
1348 377 1477 420 eques

119 449 346 489 romanus,
373 450 505 493 quum
540 433 655 476 Ruso
680 433 867 491 adesset,
901 434 1132 491 exclamat,
1171 447 1371 482 neutrum
1395 440 1477 484 illis

118 512 273 557 litteris
307 513 528 557 declarari.
574 533 594 553 «
622 514 742 570 Quid
780 515 917 575 ergo?
943 536 963 555 »
1010 516 1151 575 inquit
1192 519 1390 562 Scaurus.
1417 548 1478 553 —

117 613 136 632 α
157 593 352 637 AEmilius
374 593 499 647 fecit,
526 592 730 653 plectitur
750 595 951 639 Rutilius.
971 616 990 636 »

179 675 311 716 LXX.
334 673 551 717 Ridentur
567 674 696 716 etiam
720 673 1023 734 discrepantia.
1048 695 1067 715 α
1085 676 1203 732 Quid
1222 677 1322 721 huie
1336 678 1476 734 abest,

117 753 196 796 nisi
225 769 291 796 res
317 762 359 795 et
384 752 550 796 virtus?
566 773 586 793 »
615 752 732 797 Bella
754 755 883 797 etiam
912 764 974 798 est
996 754 1217 799 familiaris
1238 759 1475 818 repreben-

116 834 197 888 sio,
237 834 360 892 quasi
391 834 608 877 errantis:
650 844 696 876 ut
733 851 868 894 quum
901 835 1149 896 objurgavit
1180 836 1331 881 Albius
1362 841 1473 883 Gra-

116 915 260 967 nium,
290 912 433 972 quod,
461 929 594 972 quum
621 914 714 972 ejus
745 913 904 957 tabulis
933 914 1137 974 quiddam
1171 915 1352 960 Albucio
1379 934 1477 977 pro-

114 993 262 1036 batum
289 992 524 1047 videretur,
563 1002 603 1036 et
638 992 760 1036 valde
790 993 986 1037 absoluto
1020 994 1208 1038 Scaevola
1243 995 1474 1056 gauderet3

116 1086 254 1130 neque
282 1071 562 1131 intelligeret,
590 1082 741 1115 contra
765 1089 863 1116 suas
885 1073 1055 1116 tabulas
1078 1090 1167 1117 esse
1187 1075 1442 1133 judicatum.

175 1151 287 1194 Huic
311 1150 462 1195 similis
484 1162 546 1195 est
573 1153 703 1195 etiam
725 1152 965 1196 admonitio
988 1154 1028 1195 in
1052 1153 1234 1197 consilio
1256 1154 1398 1199 dando
1419 1154 1478 1199 fa-

113 1229 317 1284 miliaris,
350 1242 421 1286 ut,
451 1248 584 1291 quum
616 1242 801 1291 patrono
826 1230 960 1285 malo,
1002 1249 1136 1291 quum
1162 1250 1308 1277 vocem
1344 1236 1384 1277 in
1411 1235 1476 1278 di-

115 1309 254 1352 cendo
277 1310 544 1366 obtudisset,
582 1310 789 1353 suadebat
812 1312 1026 1365 Granius,
1060 1320 1106 1354 ut
1137 1311 1325 1355 mulsum
1353 1313 1477 1374 frigi-

115 1389 217 1432 dum
247 1389 438 1444 biberet,
467 1389 593 1433 simul
618 1406 667 1432 ac
695 1390 871 1433 domum
898 1390 1078 1433 redisset
1101 1407 1109 1432 τ
1139 1391 1386 1446 «Perdam,
1414 1394 1478 1436 in-

114 1469 231 1528 quit,
258 1485 427 1525 vocem,
448 1470 481 1512 si
503 1469 544 1512 id
563 1469 716 1512 secerO.
735 1489 755 1510 ›>
773 1495 834 1501 —
853 1489 873 1509 «
887 1469 1045 1512 Melius
1065 1480 1146 1525 est,
1169 1471 1329 1530 inquit,
1350 1488 1477 1531 quam

114 1565 247 1592 reum.
268 1568 287 1589 n

175 1627 343 1672 Bellum
358 1630 488 1672 etiam
501 1639 584 1680 est,
601 1645 752 1688 quum,
767 1629 871 1688 quid
888 1631 1045 1688 cuique
1057 1631 1111 1673 sit
1122 1642 1455 1676 consentaneum
1467 1666 1478 1687 ,

113 1708 272 1751 dieitur
287 1726 294 1750 :
312 1718 378 1763 ut,
395 1725 530 1767 quum
543 1710 730 1751 Scaurus
748 1708 1001 1751 nonnullam
1015 1709 1192 1753 haberet
1208 1711 1414 1755 invidiam
1430 1729 1479 1756 ex

113 1804 187 1843 eo,
215 1787 333 1847 quod
354 1788 614 1848 Phrygionis
632 1789 849 1848 Pompeii,
883 1787 1110 1848 locupletis
1136 1789 1343 1847 bominis,
1367 1793 1475 1835 bona

113 1869 205 1911 sine
240 1878 500 1912 testamento
539 1869 810 1929 possederat,
848 1869 1099 1928 sederetque
1132 1869 1366 1915 advocatus
1404 1889 1478 1915 reo

112 1949 285 2004 Bestiae,
334 1965 468 2008 quum
510 1948 640 1992 funus
685 1948 902 2007 quoddam
953 1948 1209 2003 duceretur,
1252 1961 1480 1994 aecusator

111 2030 160 2072 C.
183 2029 437 2084 Memmius,
463 2028 632 2084 «Vide,
660 2030 821 2088 inquit,
852 2031 1034 2085 Scaure,
1064 2039 1262 2073 mortuus
1288 2031 1476 2091 rapitur,

111 2109 145 2151 si
167 2118 287 2167 potes
305 2124 397 2153 esse
420 2125 654 2169 possessor.
677 2129 696 2149 »

174 2187 256 2231 Sed
283 2204 334 2231 ex
359 2189 426 2232 his
452 2189 653 2233 omnibus
685 2189 792 2231 nihil
829 2189 965 2248 magis
992 2188 1173 2236 ridetur,
1204 2205 1334 2248 quam
1361 2189 1477 2249 quod

111 2279 173 2312 est
208 2277 364 2328 praeter
401 2269 794 2329 exspectationem3
843 2269 967 2328 cujus
1006 2268 1340 2312 innumerabilia
1380 2279 1477 2312 sunt

111 2347 326 2407 exempla,
352 2346 418 2390 vel
441 2349 571 2408 Appii
595 2348 774 2408 majoris
800 2346 935 2402 illius,
964 2349 1038 2407 qui
1069 2349 1113 2391 in
1139 2358 1318 2404 senatu,
1342 2365 1475 2408 quum

112 2438 311 2488 ageretur
336 2428 388 2470 de
409 2428 522 2488 agris
542 2428 728 2488 publicis
743 2462 754 2484 ,
776 2438 819 2471 et
841 2427 894 2470 de
918 2427 1011 2488 lege
1033 2428 1215 2483 Thoria,
1245 2437 1286 2471 et
1308 2444 1475 2487 preme-

113 2516 232 2550 retur
258 2506 451 2550 Lucilius
477 2507 530 2549 ab
559 2508 632 2559 iis,
669 2508 744 2566 qui
778 2522 802 2549 a
840 2522 998 2566 pecore
1029 2507 1120 2565 ejus
1154 2507 1321 2565 depasci
1351 2523 1475 2566 agros

112 2584 308 2645 publicos
328 2585 541 2641 dicerent,
565 2605 585 2626 «
607 2587 708 2630 Non
728 2594 812 2642 est,
834 2585 996 2644 inquit,
1018 2584 1176 2628 Lucilii
1195 2601 1325 2645 pecus
1346 2585 1474 2639 illud;

307 2676 350 2702 ιι.
1238 2680 1286 2706 12
