1843 3166
322 152 394 186 260
489 160 491 163 ’
837 151 903 185 DE
933 150 1165 185 ORATORE

321 245 393 279 aut
417 251 549 295 quum
570 252 619 279 cx
638 234 834 296 pluribus
861 234 1118 295 intelligitur
1147 250 1302 286 unum,

421 358 498 393 Nos
518 359 632 393 sumu'
651 358 831 402 Romani,
850 358 915 405 qui
934 357 1090 392 fuvimus
1108 363 1192 391 ante
1211 355 1374 400 Rudini;

320 477 395 510 aut
414 483 688 527 quocumque
709 465 861 518 modo,
890 482 976 509 non
1002 476 1050 509 ut
1075 465 1238 509 dictum
1268 474 1351 520 est,
1374 464 1417 506 in
1446 479 1497 506 eo
1523 479 1679 524 genere

320 546 592 606 intelligitur,
614 546 686 589 sed
710 555 755 589 ut
779 562 951 589 sensum
970 555 1045 588 cst.

382 628 544 669 XLIII.
572 626 806 669 Abutimur
837 642 945 685 saepe
970 626 1099 668 etiam
1125 624 1258 667 verbo
1286 640 1373 666 non
1406 633 1492 667 tam
1518 622 1682 684 elegan-

320 716 399 757 ter,
423 721 551 765 quam
578 705 620 747 in
644 705 966 761 transferendo3
997 705 1088 759 sed,
1110 704 1275 747 etiamsi
1297 702 1515 759 licentius,
1538 713 1680 747 tamen

321 784 537 828 interdum
562 800 647 827 non
673 782 948 844 impudenter
977 801 985 826 :
1025 793 1072 826 ut
1097 799 1232 843 quum
1257 782 1494 842 «grandem
1519 785 1681 827 oratio-

320 880 449 907 nem»
484 880 563 924 pro
590 879 766 923 magna,
787 863 1037 906 «minutum
1064 863 1286 906 animum»
1312 878 1390 921 pro
1415 878 1551 922 parvo
1579 862 1680 906 dici-

321 960 428 987 mus.
451 946 615 987 Verum
638 943 708 987 illa
734 943 948 987 videtisne
966 959 1056 986 esse
1083 959 1170 985 non
1195 942 1336 997 verbi,
1356 941 1429 985 sed
1454 943 1681 998 orationis,

320 1039 413 1082 quae
451 1039 501 1065 ex
533 1021 752 1082 pluribus,
787 1033 836 1066 ut
870 1022 1071 1083 exposui,
1096 1020 1450 1065 translationibus
1487 1037 1680 1066 connexa

323 1102 449 1146 sunt?
490 1104 580 1147 haec
615 1112 788 1157 autem,
827 1119 921 1162 quae
956 1111 1032 1145 aut
1067 1103 1295 1145 immutata
1331 1117 1422 1146 esse
1460 1101 1572 1158 dixi,
1607 1111 1683 1145 aut

320 1182 442 1227 aliter
466 1182 768 1244 intelligenda,
792 1199 841 1227 ac
859 1182 1118 1239 dicerentur,
1143 1192 1243 1226 sunt
1265 1181 1473 1227 translata
1494 1182 1681 1244 quodam

321 1264 465 1307 modo.

383 1345 448 1385 Ita
474 1342 539 1398 fit,
579 1353 624 1386 ut
651 1344 789 1386 omnis
811 1344 1082 1404 singulorum
1119 1344 1351 1387 verborum
1388 1344 1523 1387 virtus
1552 1353 1681 1403 atque

323 1422 413 1465 laus
443 1423 578 1466 tribus
614 1424 789 1466 exsistat
821 1440 871 1467 ex
896 1423 1050 1467 rebus:
1086 1424 1224 1467 siaut
1250 1433 1467 1467 vetustum
1500 1424 1680 1467 verbum

322 1503 399 1555 sit;
419 1502 535 1560 quod
561 1511 703 1545 tamen
727 1503 995 1546 consuetudo
1018 1503 1128 1546 ferre
1149 1504 1283 1563 possit
1305 1520 1315 1546 ε
1341 1513 1416 1546 aut
1435 1503 1595 1547 factum
1617 1502 1681 1546 vel

322 1581 651 1640 conjunctione,
677 1579 741 1624 vel
761 1581 974 1635 novitate;
1002 1582 1045 1623 in
1069 1597 1156 1640 quo
1181 1583 1283 1624 item
1304 1591 1368 1625 est
1383 1583 1559 1626 auribus
1581 1599 1681 1626 con-

320 1661 627 1721 suetudinique
650 1661 941 1721 parcendum:
969 1671 1045 1704 aut
1067 1660 1340 1717 translatum,
1362 1661 1479 1721 quod
1496 1663 1680 1706 maxime

321 1751 527 1801 tanquam
566 1740 698 1785 stellis
734 1741 993 1801 quibusdam
1029 1750 1151 1785 notat
1191 1751 1234 1784 et
1271 1740 1490 1785 illuminat
1523 1742 1682 1786 oratio-

320 1837 433 1863 nem.

385 1901 591 1960 Sequitur
606 1902 877 1944 continuatio
892 1901 1147 1956 verborum,
1163 1917 1257 1960 quae
1269 1900 1376 1943 duas
1392 1917 1458 1945 res
1474 1902 1677 1956 maxime,

320 1981 647 2027 collocationem
680 1985 896 2043 primum,
926 1982 1084 2025 deinde
1121 1983 1298 2026 modum
1326 1982 1557 2041 quemdam
1590 1983 1678 2026 for-

319 2078 520 2121 mamque
536 2062 762 2105 desiderat.
777 2061 1086 2105 Collocationis
1101 2071 1164 2105 est
1181 2078 1440 2121 componere
1455 2071 1497 2105 et
1510 2072 1677 2106 struere

318 2141 449 2183 verba
475 2142 553 2196 sic,
584 2150 631 2184 ut
649 2157 755 2184 neve
784 2157 911 2201 asper
933 2157 1084 2185 eorum
1108 2158 1363 2196 concursus,
1383 2158 1490 2185 neve
1509 2142 1676 2186 hiulcus

318 2222 391 2277 sit,
420 2220 493 2264 sed
521 2220 711 2280 quodam
741 2221 870 2265 modo
904 2232 1225 2282 coagmentatus
1260 2231 1302 2265 et
1339 2220 1469 2265 laevis.
1506 2224 1555 2265 In
1588 2239 1676 2282 quo

318 2299 457 2360 lepide
493 2300 536 2343 in
561 2300 697 2343 soceri
722 2302 803 2343 mei
835 2318 1018 2361 persona
1044 2301 1146 2345 lusit
1169 2302 1228 2358 is,
1261 2303 1335 2361 qui
1362 2301 1677 2363 elegantissime

318 2378 360 2421 id
384 2379 521 2422 facere
547 2380 710 2438 potuit,
737 2380 952 2437 Lucilius,

418 2501 536 2543 Quam
556 2499 678 2546 lepide
697 2500 810 2534 lexeis
829 2503 1045 2548 compostae!
1069 2509 1109 2537 ut
1128 2503 1310 2538 tesserulae
1330 2515 1456 2538 omnes

419 2563 504 2595 Arte
524 2560 737 2606 pavimento
748 2588 756 2604 ‚
775 2569 883 2608 atque
899 2563 1117 2598 emblemate
1133 2564 1382 2599 vermiculato.
