1843 3166
739 195 882 229 LIBER
913 196 956 229 11.
1451 198 1516 242 137

173 268 245 313 illo
275 270 409 315 altero
451 289 632 333 genere,
664 276 707 317 in
735 291 822 333 quo
855 276 959 319 nulli
989 278 1125 321 aculei
1160 280 1517 325 contumeliarum

173 351 361 408 inerant,
398 368 568 396 causam
604 352 719 397 illam
752 354 1172 416 disputationemque
1206 357 1306 400 lusit
1341 376 1350 401 ε
1385 362 1442 403 sic
1476 363 1518 404 in

171 433 330 485 Bruto,
359 447 487 491 quem
509 432 682 488 oderat,
709 443 751 476 et
774 450 903 493 quem
923 435 1099 496 dignum
1125 436 1382 480 contumelia
1405 439 1518 498 judi-

171 512 315 567 cabat,
342 520 527 572 utroque
544 528 702 573 genere
728 515 948 573 pugnavit.

235 591 380 648 Quam
407 591 544 635 multa
566 591 618 635 de
642 591 825 648 balneis,
850 609 954 652 quas
980 609 1118 653 nuper
1143 593 1214 637 ille
1244 595 1519 651 vendiderat,

171 687 300 730 quam
315 670 452 714 multa
464 670 517 714 de
531 672 684 715 amisso
699 672 959 732 patrimonio
971 672 1107 716 dixit?
1121 683 1248 733 atque
1266 673 1337 718 illa
1351 675 1493 719 brevia
1508 711 1518 731 ,

170 767 305 810 quum
320 749 390 793 ille
402 749 581 807 diceret,
597 766 641 794 se
661 752 753 794 sine
768 768 894 795 causa
911 752 1065 796 sudare
1084 771 1092 795 :
1109 772 1128 794 (ε
1142 754 1322 797 Minime
1343 756 1518 811 mirum,

170 832 329 891 inquit;
354 831 482 875 modo
503 833 618 875 enim
633 833 757 876 existi
777 832 829 876 de
848 831 1024 876 balneis.
1042 852 1062 873 »
1081 834 1412 879 Innumerabilia
1437 836 1517 880 hu—

165 911 404 970 juscemodi
427 911 624 966 fuerunt,
645 911 720 955 sed
738 928 823 955 non
843 913 983 956 minus
1000 913 1192 972 jucunda
1208 912 1277 956 illa
1298 925 1515 974 perpetua.

170 992 318 1048 Quum
339 993 454 1035 enim
474 994 632 1035 Brutus
658 991 766 1035 duos
786 990 968 1036 lectores
988 994 1237 1047 excitasset,
1262 1004 1304 1037 et
1320 993 1442 1038 alteri
1467 995 1519 1038 de

171 1071 343 1116 colonia
362 1072 636 1116 Narbonensi
651 1072 794 1116 Crassi
809 1073 1048 1116 orationem
1070 1071 1295 1133 legendam
1313 1073 1517 1128 dedisset,

170 1151 295 1196 alteri
321 1152 374 1195 de
401 1150 494 1212 lege
516 1150 717 1208 Servilia,
749 1160 790 1195 et
809 1168 944 1211 quum
968 1154 1182 1196 contraria
1215 1154 1328 1196 inter
1351 1169 1441 1196 sese
1466 1152 1518 1195 de

172 1231 394 1292 republica
416 1232 556 1292 capita
579 1230 850 1286 contulisset;
878 1241 1022 1275 noster
1050 1232 1120 1275 hic
1147 1232 1401 1276 facetissime
1432 1242 1518 1276 tres

168 1313 306 1374 patris
333 1312 457 1355 Bruti
484 1311 537 1354 de
552 1311 649 1370 jure
676 1309 792 1354 civili
817 1309 983 1353 libellos
1004 1310 1138 1354 tribus
1159 1310 1361 1371 legendos
1387 1311 1515 1354 dedit.

231 1396 295 1438 Ex
311 1393 420 1437 libro
435 1391 595 1454 primo,
617 1392 648 1432 F
651 1405 767 1433 ORTE
778 1405 957 1442 EVENIT,
981 1405 1040 1434 UT
1052 1405 1099 1434 IN
1110 1392 1388 1434 PRIVERNATI
1404 1406 1519 1435 ESSE-

171 1489 275 1518 MUs.
298 1493 318 1515 α
333 1476 486 1528 Brute,
511 1471 767 1517 testificatur
778 1478 914 1529 pater,
943 1485 986 1513 se
1009 1469 1087 1512 tibi
1106 1470 1401 1514 Privernatem
1420 1469 1518 1514 fun-

169 1553 275 1597 dum
294 1552 532 1614 reliquisse.
549 1575 569 1595 »

233 1634 403 1678 Deinde
427 1651 478 1678 ex
500 1633 610 1678 libro
628 1635 839 1691 secundo,
860 1637 912 1679 IN
932 1638 1117 1680 ALBANo
1134 1647 1320 1678 ERAMUS
1333 1644 1444 1683 EGO,
1466 1645 1517 1672 ET

169 1713 366 1758 MARCUS
395 1729 551 1758 Flmns.
582 1715 803 1774 «Sapiens
842 1713 1040 1758 videlicet
1078 1713 1209 1756 homo
1240 1729 1339 1756 cum
1370 1713 1519 1772 primis

173 1802 327 1836 nostrae
351 1793 554 1849 civitatis,
594 1802 720 1836 norat
749 1793 866 1837 hunc
896 1794 1132 1853 gurgitem3
1165 1792 1406 1848 metuebat,
1442 1806 1520 1845 ne,

172 1889 306 1933 quum
334 1874 368 1916 is
388 1871 496 1916 nihil
517 1872 714 1928 haberet,
740 1871 848 1915 nihil
871 1888 958 1916 esse
973 1873 1011 1915 ei
1029 1871 1227 1915 relictum
1246 1880 1486 1935 putaretur²
1501 1890 1522 1911 n

235 1955 349 1997 Tum
369 1969 421 1996 ex
440 1952 551 1996 libro
574 1953 722 2007 tertio,
747 1953 791 1995 in
817 1968 904 2011 quo
922 1951 1052 1995 finem
1073 1950 1285 1995 scribendi
1304 1949 1405 1993 fecit
1431 1949 1522 2010 (tot

175 2035 290 2078 enim
303 2068 315 2090 ,
342 2043 392 2077 ut
410 2033 556 2076 audivi
580 2031 813 2077 Scaevolam
833 2032 976 2075 dicere
990 2065 1002 2088 ,
1022 2040 1121 2074 sunt
1133 2030 1360 2074 veriBruti
1374 2029 1494 2089 libri)
1510 2063 1521 2085 ,

175 2118 229 2159 ΙΝ
257 2117 448 2158 TIBURTI
476 2129 619 2158 FORTE
644 2127 890 2158 ASSEDIMUS
917 2127 1030 2168 Eoo,
1062 2127 1114 2155 ET
1142 2113 1333 2155 MARCUS
1368 2125 1521 2154 Fines.

176 2214 196 2233 «
219 2195 305 2239 Ubi
323 2203 423 2237 sunt
444 2194 474 2236 ii
494 2193 641 2248 fundi,
662 2194 816 2247 Brute,
839 2208 947 2251 quos
970 2192 1048 2234 tibi
1072 2200 1194 2251 pater
1212 2189 1393 2250 publicis
1410 2205 1525 2233 com-

177 2275 397 2319 mentariis
423 2274 696 2334 consignatos
725 2270 930 2331 reliquit?
955 2270 1085 2327 Quod
1114 2272 1195 2313 nisi
1226 2270 1434 2330 puberem
1459 2279 1524 2323 te,

178 2357 339 2416 inquit,
360 2355 450 2414 jam
474 2353 681 2408 haberet,
711 2361 915 2412 quartum
941 2350 1101 2394 librum
1127 2349 1454 2410 composuisset,
1484 2358 1526 2391 et

183 2452 228 2480 se
262 2437 392 2479 etiam
435 2434 479 2477 in
521 2431 686 2477 balneis
722 2431 858 2476 lotum
901 2447 1000 2474 cum
1037 2428 1144 2486 filio,
1188 2430 1396 2488 scriptum
1427 2426 1525 2471 reli-

182 2526 355 2576 qulsset.
367 2535 388 2556 1>

243 2597 354 2653 Quis
373 2605 436 2639 est
449 2595 594 2655 igitur,
617 2592 795 2651 quinon
809 2589 1007 2647 fateatur,
1026 2590 1109 2633 hoc
1128 2589 1295 2649 lepore,
1313 2597 1441 2647 atque
1461 2587 1526 2629 his
