1843 3166
314 207 360 239 (iS
836 208 897 240 DF,
927 207 1164 240 ORATORF,

315 293 407 334 xiia·
453 292 629 351 propius
672 291 873 333 arrodere
897 325 905 339 ,
946 291 1262 349 permediorrrs
1297 308 1343 332 ar
1382 289 1525 349 potius
1565 287 1674 329 leves

316 380 457 414 motus
483 370 638 414 debere
665 387 753 413 esse
777 370 940 413 dicunt.

376 453 536 494 Orator
559 461 705 494 autem
731 452 874 494 omnia
902 452 1006 503 lucc,
1031 469 1125 510 quae
1154 462 1364 512 putantur
1389 452 1428 493 in
1456 449 1675 492 communi

316 533 410 574 vitae
430 531 766 587 consuetudine,
794 532 904 574 mala
930 550 977 574 ac
1003 532 1202 587 molesta,
1229 543 1269 575 et
1294 529 1516 592 fugienda,
1541 527 1678 571 mutto

317 612 477 671 majora
498 622 538 654 ct
563 613 786 655 acerbiora
811 613 950 655 verbis
973 613 1073 656 lacit
1099 630 1106 655 :
1135 614 1324 671 itemque
1345 628 1414 666 ea,
1434 627 1529 670 quse
1548 607 1680 668 vulgo

316 693 554 751 expetenda
583 703 712 752 atquc
744 692 954 752 optabilia
987 693 1212 747 videntur,
1237 691 1420 735 dicendo
1448 689 1683 750 amplificat

320 783 446 831 atque
470 783 590 816 ornat
624 791 631 815 :
661 790 798 833 neque
826 773 917 817 vult
949 775 1004 817 ita
1031 774 1200 833 sapiens
1223 775 1336 816 inter
1353 770 1504 814 stultos
1528 770 1683 823 videri,

318 854 408 906 uti,
436 854 507 912 qui
540 854 742 909 audiant,
774 864 842 897 aut
876 856 1071 914 ineptum
1103 853 1222 897 illum
1254 864 1294 897 ct
1325 850 1573 896 Graeculum
1606 867 1684 910 pu—

319 943 429 989 tent,
452 945 548 990 aut,
572 936 740 978 etiamsi
774 934 897 978 valde
929 935 1116 995 probent
1146 935 1366 994 ingenium
1391 932 1596 985 oratoris,
1623 946 1687 973 sa-

320 1015 523 1074 pientiam
560 1015 856 1070 admirentur,
893 1032 937 1058 se
978 1032 1068 1058 csse
1108 1015 1265 1058 stultos
1300 1013 1481 1058 moleste
1518 1013 1687 1065 ferant;

316 1095 388 1137 sed
419 1097 474 1138 ita
499 1105 701 1155 peragrat
730 1111 805 1154 per
831 1096 997 1137 animos
1022 1096 1276 1149 hominum,
1302 1095 1360 1136 ita
1386 1110 1536 1137 sensus
1561 1110 1685 1136 men-

317 1185 467 1235 tesque
489 1184 749 1236 pertractat,
776 1184 823 1217 ut
848 1191 935 1218 non
973 1175 1189 1218 desideret
1214 1174 1573 1235 philosophorum
1596 1174 1690 1216 des-

317 1257 570 1316 criptiones,
597 1272 736 1314 neque
759 1256 961 1315 exquirat
984 1257 1203 1308 oratione,
1230 1271 1449 1298 summum
1482 1254 1589 1298 illud
1612 1255 1691 1297 bo-

318 1352 422 1379 num
449 1336 491 1378 in
519 1336 721 1378 animone
751 1336 823 1390 sit,
847 1352 902 1378 an
932 1336 975 1378 in
1001 1352 1185 1395 corpore
1214 1352 1222 1378 :
1248 1336 1430 1391 virtute,
1457 1352 1511 1378 an
1536 1334 1691 1395 volup-

321 1425 407 1458 tate
449 1415 680 1458 definiatur
722 1433 731 1458 :
773 1432 827 1458 an
868 1416 956 1459 haec
1002 1417 1115 1459 inter
1159 1433 1202 1459 se
1241 1416 1366 1477 jungi
1410 1414 1692 1478 copularique

320 1496 491 1555 possint
520 1513 528 1538 :
564 1512 619 1539 an
661 1512 783 1552 vero,
824 1506 870 1538 ut
903 1496 1166 1555 quibusdam
1196 1496 1357 1550 visum,
1387 1496 1495 1540 nihil
1525 1506 1691 1540 certum

320 1576 442 1630 sciri,
480 1574 587 1618 nihil
624 1575 752 1635 plane
783 1578 983 1636 cognosci
1020 1586 1062 1619 et
1093 1577 1258 1637 percipi
1296 1578 1430 1636 possit
1461 1594 1469 1619 :
1506 1593 1692 1636 quarum

321 1671 467 1698 rerum
488 1654 625 1698 fateor
644 1672 871 1716 magnam,
894 1654 1269 1716 multiplicemque
1289 1674 1380 1700 esse
1398 1656 1692 1717 disciplinam,

320 1745 362 1777 et
389 1733 567 1789 multas,
591 1737 809 1796 copiosas,
834 1737 1062 1796 variasque
1085 1737 1288 1780 rationes.

386 1817 480 1858 LII.
500 1816 583 1858 Sed
598 1815 715 1859 aliud
726 1816 933 1876 quiddam
947 1851 957 1872 ,
971 1816 1099 1877 longe
1112 1816 1412 1871 aliud‚Crasse
1423 1851 1433 1874 ,
1446 1819 1692 1878 quaerimus.

320 1896 464 1937 Acuto
489 1895 667 1939 homine
693 1897 817 1940 nobis
840 1914 950 1957 opus
973 1907 1056 1953 est,
1081 1907 1123 1940 et
1144 1906 1301 1940 natura
1325 1914 1493 1958 usuque
1518 1897 1693 1952 callido,

321 1974 395 2033 qui
419 1976 629 2035 sagaciter
655 1979 940 2039 pervestiget,
959 1978 1066 2037 quid
1093 1979 1158 2021 sui
1181 1979 1315 2035 cives,
1340 1979 1455 2039 iique
1476 1980 1693 2036 homines,

322 2054 478 2113 quibus
506 2054 670 2116 aliquid
701 2057 885 2101 dicendo
917 2059 1177 2117 persuadere
1208 2058 1329 2115 velit,
1358 2061 1571 2121 cogitent,
1599 2077 1693 2104 seu-

321 2133 455 2189 tiant,
484 2136 740 2195 opinentur,
766 2146 1029 2197 exspectent.

383 2216 546 2259 Teneat
582 2226 754 2276 oportet
785 2234 916 2260 venas
948 2218 1161 2278 cujusque
1193 2222 1383 2279 generis,
1423 2221 1584 2275 aetatis,
1622 2236 1693 2263 or-

322 2293 457 2350 dinis,
505 2305 548 2339 et
588 2312 738 2339 eorum
755 2332 766 2353 ,
813 2297 930 2357 apud
971 2315 1080 2358 quos
1122 2298 1285 2359 aliquid
1327 2311 1450 2361 aget,
1496 2309 1572 2343 aut
1610 2300 1692 2343 erit

322 2383 521 2431 acturus,
552 2385 738 2432 mentes,
776 2394 1012 2437 sensusque
1051 2378 1249 2439 degustet
1280 2398 1288 2423 :
1330 2380 1691 2440 philosophorum

322 2464 468 2497 autem
492 2454 624 2498 libros
644 2467 831 2499 reservet
855 2458 935 2500 sibi
963 2458 1016 2501 ad
1040 2458 1343 2518 hujuscemodi
1364 2458 1598 2503 Tusculani
1623 2476 1691 2502 re-

322 2535 465 2593 quiem
493 2545 623 2595 atque
649 2537 805 2592 otium,
837 2555 908 2591 nc,
936 2540 968 2581 si
994 2539 1170 2598 quando
1203 2541 1240 2583 ei
1267 2540 1503 2584 dicendum
1527 2540 1610 2583 erit
1639 2539 1692 2582 de

320 2612 487 2671 justitia
524 2626 567 2658 et
604 2615 710 2672 fide,
750 2627 974 2661 mutuetur
1009 2636 1033 2662 a
1062 2620 1267 2675 Platone,
1300 2621 1399 2679 qui,
1431 2636 1566 2679 quum
1602 2620 1692 2663 haec
