1843 3166
332 252 375 283 Ἠ)
842 254 902 287 ΠΕ
930 251 1128 287 ORATOR
1140 251 1164 283 E

329 350 369 382 et
397 341 438 382 in
455 338 672 399 republica
689 337 912 393 causisque
927 334 1100 386 versati,
1117 333 1156 374 in
1177 332 1271 391 quis
1291 341 1378 374 erat
1395 332 1522 374 etiam
1544 331 1596 385 is,
1610 330 1682 389 qui

332 436 470 480 nuper
486 417 745 466 Roniael'uit,
771 412 1071 465 Menedemus,
1099 411 1252 471 hospes
1280 427 1398 454 meus
1422 427 1430 453 :
1455 411 1527 469 qui
1550 426 1682 469 quum

332 499 485 541 diceret
505 514 593 539 esse
607 494 821 555 quandam
837 491 1129 553 prudentiam,
1155 507 1247 549 quae
1269 499 1511 533 versaretur
1529 490 1568 531 in
1594 506 1683 548 per-

334 576 561 638 spiciendis
577 574 812 618 rationibus
834 569 1232 614 constituendarum
1254 579 1295 612 et
1318 568 1600 629 regendarum
1621 584 1685 611 re—

336 674 430 700 rum
455 654 743 716 publicarum,
762 651 1028 694 excitabatur
1045 649 1176 692 bomo
1197 658 1422 708 promptus
1442 648 1494 690 ab
1515 648 1687 690 bomine

335 735 571 780 abundanti
598 733 816 785 doctrina,
843 740 885 774 et
910 729 1096 789 quadam
1125 728 1365 772 incredibili
1390 729 1596 771 varietate
1623 745 1687 771 re-

338 833 433 859 rum
456 825 493 858 et
521 815 654 874 copia.
690 814 851 855 Omnes
881 809 992 853 enim
1026 818 1167 869 partes
1200 807 1312 851 illius
1345 809 1477 867 ipsius
1507 806 1688 867 pruden-

339 896 406 937 tiae
430 893 635 954 petendas
659 908 748 935 esse
774 907 799 933 a
823 889 1096 950 philosophia
1124 888 1310 944 dicebat,
1337 904 1474 947 neque
1498 903 1567 942 ea,
1595 903 1688 946 quae

339 982 628 1016 statuerentur
652 973 694 1014 in
719 969 938 1030 republica
962 968 1014 1011 de
1037 968 1115 1011 diis
1136 967 1468 1022 immortalibus,
1494 967 1546 1010 de
1569 966 1690 1010 disci-

344 1053 458 1112 plina
478 1052 739 1112 juventutis,
765 1048 818 1092 de
839 1050 1024 1109 justitia,
1048 1048 1100 1090 de
1127 1048 1350 1107 patientia,
1379 1046 1430 1090 de
1458 1056 1692 1106 temperan-

342 1133 425 1188 tia,
461 1131 513 1175 do
547 1129 678 1176 modo
707 1145 854 1174 rerum
886 1128 1100 1180 omnium,
1130 1136 1378 1184 ceteraque,
1412 1126 1502 1168 sine
1537 1125 1693 1184 quibus

341 1214 530 1257 civitates
559 1222 635 1255 aut
663 1228 774 1267 esse,
805 1218 878 1254 aut
910 1206 1018 1249 bene
1052 1214 1226 1248 moratae
1260 1219 1349 1246 csse
1383 1220 1468 1246 non
1499 1213 1692 1264 possent,

343 1309 522 1352 usquam
548 1293 589 1335 in
617 1308 767 1334 eorum
791 1290 973 1333 inveniri
994 1286 1159 1333 libellis.

404 1372 537 1429 Quod
580 1372 614 1414 si
655 1379 819 1414 tantam
860 1370 945 1412 vim
982 1384 1126 1410 rerum
1162 1363 1447 1410 maximarum
1488 1371 1579 1405 arte
1620 1379 1695 1405 sua

344 1450 547 1493 rhetorici
577 1448 638 1491 illi
668 1448 864 1491 doctores
893 1445 1282 1507 complecterentur
1314 1462 1322 1489 τ
1358 1446 1594 1505 quaerebat,
1617 1461 1693 1489 cur

345 1530 397 1572 de
420 1529 658 1589 prooemiis,
685 1537 727 1571 et
752 1526 804 1570 de
827 1525 1024 1586 epilogiS,
1049 1536 1091 1568 et
1120 1525 1172 1569 de
1196 1525 1443 1585 hujusmodi
1469 1525 1595 1585 nugis
1618 1525 1697 1585 (sic

345 1609 458 1651 enim
476 1606 734 1669 appellabat)
752 1606 896 1649 referti
920 1614 1059 1649 essent
1075 1621 1223 1648 eorum
1241 1604 1337 1648 libri
1356 1621 1365 1647 :
1382 1604 1434 1647 de
1451 1605 1696 1648 civitatibus

346 1686 639 1742 instituendis,
667 1686 718 1729 de
742 1684 976 1729 scribendis
1004 1683 1190 1744 legibuS,
1220 1683 1272 1727 de
1299 1684 1517 1744 aequitate,
1545 1683 1597 1727 de
1616 1683 1702 1743 jus-

348 1768 462 1820 titia,
487 1766 539 1809 de
572 1765 673 1821 fide,
709 1765 762 1808 de
799 1762 1046 1824 frangendis
1089 1762 1423 1822 cupiditatibus,
1451 1762 1504 1806 de
1538 1762 1702 1807 eonfor-

350 1845 515 1888 mandis
540 1846 766 1888 bominum
791 1843 1003 1898 moribus,
1025 1841 1168 1885 littera
1193 1842 1236 1885 in
1261 1858 1411 1886 eorum
1442 1841 1562 1886 libris
1587 1840 1703 1885 nulla

351 1925 629 1968 inveniretur.

412 2006 509 2064 Ipsa
530 2020 632 2047 vero
655 2013 866 2063 praecepta
890 2004 949 2046 sic
970 2002 1150 2046 illudere
1173 2000 1354 2057 solebat,
1372 2011 1421 2044 ut
1442 2001 1706 2055 ostenderet,

352 2100 438 2126 non
466 2083 596 2127 modo
621 2100 692 2126 eos
721 2082 834 2125 illius
867 2091 1062 2141 expertes
1094 2098 1185 2125 esse
1209 2081 1448 2141 prudentiae
1473 2097 1600 2141 quam
1627 2081 1704 2123 sibi

351 2162 654 2217 adsciscerent,
672 2161 747 2205 sed
765 2178 819 2204 ne
832 2162 943 2204 hanc
959 2160 1132 2220 quidem
1152 2163 1287 2222 ipsam
1313 2159 1476 2204 dicendi
1496 2162 1706 2204 rationem

352 2258 402 2284 ac
434 2241 545 2284 viam
578 2257 715 2284 nosse.
748 2242 892 2300 Caput
924 2241 1038 2283 enim
1069 2256 1158 2284 esse
1185 2240 1475 2284 arbitrabatur
1506 2240 1707 2289 oratoris,

356 2331 403 2364 ut
429 2331 472 2364 et
498 2322 619 2381 ipsis,
643 2319 760 2380 apud
784 2336 892 2378 quos
918 2330 1088 2380 ageret,
1114 2319 1229 2376 talis,
1256 2318 1425 2379 qualem
1449 2336 1493 2363 se
1519 2320 1607 2379 ipse
1631 2336 1707 2380 op-

354 2410 483 2455 taret,
514 2399 731 2443 videretur
765 2417 774 2443 :
803 2399 846 2442 id
877 2399 968 2443 fieri
1005 2401 1101 2443 vitae
1137 2398 1365 2459 dignitate,
1399 2398 1452 2442 de
1486 2415 1570 2458 qua
1601 2399 1705 2442 nihil

355 2480 555 2522 rhetorici
583 2480 651 2522 isti
675 2477 873 2522 doctores
898 2480 941 2522 in
967 2480 1190 2539 praeceptis
1220 2480 1307 2523 suis
1334 2478 1605 2538 reliquissent
1629 2495 1638 2520 ε
1665 2488 1707 2521 et

356 2560 417 2601 uti
445 2575 615 2614 eorum,
643 2559 716 2617 qui
746 2558 965 2612 audirent,
998 2560 1055 2601 sie
1087 2559 1361 2602 afficerentur
1387 2558 1536 2612 animi,
1561 2568 1609 2602 ut
1636 2575 1707 2603 eos

356 2638 465 2681 affici
496 2637 620 2681 vellet
650 2647 795 2681 orator
821 2655 828 2680 z
856 2637 969 2697 quod
1004 2640 1103 2680 item
1136 2638 1226 2681 sieri
1255 2637 1374 2681 nullo
1404 2637 1533 2681 modo
1567 2656 1706 2698 posse,
