1843 3166
685 186 829 221 LIBER
858 188 883 220 Ι.
1415 189 1436 224 6
1447 203 1458 225 ι

104 285 238 327 quum
279 270 366 328 ipsa
407 278 559 311 natura
599 284 800 327 magnam
842 269 1005 311 homini
1041 269 1284 314 facultatem
1319 272 1462 326 daret,

105 358 247 391 tamen
273 364 362 391 esse
389 348 492 391 deus
517 348 773 407 putabatur,
800 358 847 391 ut
872 358 911 390 ct
939 349 1098 408 ipsum,
1124 350 1242 408 quod
1272 362 1362 394 erat
1384 352 1461 395 ho-

104 429 231 471 minis
263 429 508 489 proprium,
534 444 620 470 non
652 438 825 487 partum
856 445 931 488 per
950 445 1055 484 nos,
1080 429 1153 472 sed
1180 429 1386 474 (livinitus
1411 432 1464 475 ad

105 524 182 551 nos
210 507 400 551 delatum
423 506 670 561 videretur3
700 508 872 562 deinde,
899 510 973 568 qui
995 510 1149 570 possit,
1174 527 1261 553 non
1287 520 1374 554 tam
1399 528 1466 554 ca-

103 587 267 642 duceo,
299 605 428 647 quam
462 589 636 631 nomine
665 590 850 632 oratoris
879 599 1085 645 ornatuS,
1113 589 1366 647 incolumis,
1399 591 1465 634 vel

104 669 215 711 inter
238 668 426 712 hostium
450 667 552 725 tela,
575 670 733 713 versari
755 686 766 725 3
792 679 903 725 tum,
929 670 1002 729 qui
1026 669 1166 714 scelus
1188 670 1468 731 fraudemque

105 748 298 792 nocentis
319 749 454 809 possit
476 747 659 792 dicendo
679 748 890 811 subjicere
908 748 1009 793 odio
1033 750 1213 805 civium,
1232 750 1466 810 supplicio-

102 845 186 889 que
205 830 527 889 constringere3
552 828 751 889 idemque
771 830 931 891 ingenii
954 830 1153 890 praesidio
1174 831 1466 874 innocentiam

100 908 365 969 judiciorum
390 925 516 969 poena
549 908 756 964 liberare;
796 909 996 970 idemque
1020 908 1300 971 languentem
1326 910 1469 954 laben-

105 998 276 1048 temque
308 987 520 1049 populum
554 998 629 1032 aut
655 989 710 1032 ad
738 988 866 1033 decus
897 990 1101 1045 excitare,
1131 1000 1206 1033 aut
1238 990 1292 1033 ab
1324 1006 1470 1033 errore

104 1067 336 1124 deducere,
359 1079 435 1112 aut
456 1068 724 1113 inflammare
750 1070 793 1112 in
814 1070 1057 1130 improbos,
1075 1079 1152 1113 aut
1175 1070 1402 1113 incitatum
1425 1071 1469 1113 in

103 1148 261 1203 bonos,
297 1149 520 1209 mitigare;
552 1149 627 1209 qui
654 1148 863 1208 denique,
907 1165 1215 1209 quemcunque
1242 1150 1286 1192 in
1315 1150 1470 1193 animis

103 1228 332 1273 hominum
355 1240 523 1273 motum
546 1246 613 1273 res
631 1240 674 1274 et
693 1246 822 1274 causa
842 1228 1053 1290 postulet,
1077 1246 1177 1273 eum
1199 1229 1383 1273 dicendo
1402 1229 1469 1273 vel

106 1311 292 1354 excitare
309 1312 463 1372 possit,
485 1309 552 1355 vel
577 1310 738 1354 sedare.

167 1393 290 1434 Hanc
313 1391 401 1433 vim
426 1391 460 1434 si
480 1392 576 1451 quis
600 1391 835 1446 existimat,
856 1400 932 1434 aut
953 1391 1005 1434 ab
1031 1392 1102 1445 iis,
1123 1392 1198 1451 qui
1225 1391 1277 1434 de
1301 1390 1473 1435 dicendi

105 1471 271 1514 ratione
295 1470 581 1531 scripserunt,
605 1471 846 1530 expositam
872 1487 981 1527 esse,
1010 1479 1085 1514 aut
1110 1487 1134 1513 a
1159 1486 1227 1513 me
1254 1487 1379 1531 posse
1402 1487 1474 1514 ex-

105 1552 209 1612 poni
232 1560 320 1594 tam
340 1551 481 1607 brevi,
502 1551 778 1594 vehementer
793 1560 908 1595 errat
930 1568 939 1594 :
968 1567 1108 1611 neque
1129 1549 1270 1594 solum
1292 1551 1474 1595 inscien-

104 1633 210 1676 tiam
235 1648 399 1687 meam,
427 1631 500 1676 sed
532 1647 586 1675 ne
618 1648 764 1675 rerum
791 1631 967 1691 quidem
1000 1631 1344 1692 magnitudinem
1377 1647 1476 1692 per-

106 1714 243 1773 spicit.
260 1712 472 1773 Equidem
494 1712 613 1756 vobis
624 1746 635 1766 ,
651 1712 856 1772 quoniam
875 1713 935 1756 ita
951 1710 1164 1767 voluistis,
1180 1711 1320 1755 fontes
1331 1746 1343 1766 ,
1359 1711 1474 1754 unde

107 1793 357 1849 hauriretis,
384 1802 514 1853 atque
546 1794 701 1836 itinera
734 1793 848 1853 ipsa,
883 1794 943 1836 ita
975 1793 1126 1853 putavi
1159 1808 1249 1835 esse
1278 1791 1473 1835 demons-

108 1872 281 1930 tranda3
306 1890 395 1917 non
425 1883 473 1917 ut
501 1874 591 1934 ipse
621 1872 708 1916 dux
737 1889 873 1917 essem
898 1872 1036 1934 (quod
1065 1882 1107 1916 et
1139 1872 1360 1915 infinitum
1387 1881 1474 1923 est,

106 1963 148 1996 et
180 1970 267 1997 non
304 1954 639 2013 necessarium),
674 1952 747 1997 sed
786 1963 834 1996 ut
875 1961 1263 1996 commonstrarem
1301 1961 1473 1995 tantum

106 2034 240 2090 viam,
263 2044 330 2091 et,
358 2044 407 2077 ut
434 2034 527 2078 fieri
554 2033 684 2090 solet,
717 2033 901 2094 digitum
931 2033 982 2076 ad
1016 2033 1158 2077 fontes
1189 2032 1472 2077 intenderem.

169 2116 350 2159 XLVII.
386 2114 498 2158 Mihi
523 2131 644 2170 vero,
666 2115 807 2174 inquit
829 2114 1022 2167 Mucius,
1041 2114 1142 2157 satis
1165 2128 1379 2174 superque
1400 2113 1475 2156 abs

107 2206 149 2239 te
174 2194 346 2238 videtur
374 2197 555 2240 istorum
586 2194 764 2252 studiis,
790 2196 824 2238 si
848 2193 979 2238 modo
1010 2204 1114 2238 sunt
1145 2193 1352 2248 studiosi,
1385 2210 1476 2237 esse

108 2274 283 2319 factum.
312 2275 449 2333 Nam,
474 2286 524 2320 ut
551 2278 776 2320 Socratem
808 2274 930 2319 illum
958 2274 1135 2319 solitum
1162 2276 1286 2319 aiunt
1315 2273 1472 2330 dicere,

109 2354 350 2416 perfectum
382 2355 462 2398 sibi
491 2372 601 2416 opus
630 2373 739 2412 esse,
768 2356 802 2398 si
830 2356 926 2415 quis
958 2356 1059 2399 satis
1089 2364 1198 2398 esset
1232 2354 1476 2398 concitatus

110 2435 410 2480 cohortatione
438 2452 514 2479 sua
537 2435 591 2480 ad
612 2436 804 2480 studium
830 2435 1141 2497 cognoscendae
1165 2432 1475 2496 percipiendae-

110 2532 194 2575 que
218 2518 392 2560 virtutis
421 2517 595 2577 (quibus
630 2518 744 2560 enim
774 2516 816 2559 id
849 2532 1102 2576 persuasum
1135 2524 1264 2571 esset,
1296 2523 1341 2557 ut
1369 2512 1475 2555 nihil

111 2595 288 2640 mallent
311 2614 355 2641 se
383 2614 493 2653 esse,
516 2613 645 2645 quam
674 2597 812 2640 bonos
839 2598 972 2653 viros,
999 2598 1049 2640 iis
1075 2595 1284 2656 reliquam
1310 2591 1476 2637 facilem
