1843 3166
627 219 1016 254 ADNOTATIONES.
1423 223 1494 260 305

136 291 268 326 eodem
287 292 422 327 dicitur
442 305 561 328 sensu.
583 294 668 327 Non
689 306 784 341 opus
811 301 864 329 est
883 294 1008 342 igitur,
1027 301 1068 329 ut
1095 307 1177 330 cum
1203 298 1386 336 Gulielmo
1409 313 1495 338 sen-

135 352 284 388 tentiam
306 354 560 402 refringamus.
586 355 723 388 Pmnc.

191 424 278 457 Cn.
312 423 450 458 XLIII.
475 422 512 457 C.
533 424 766 457 Aculeonem.
787 423 857 458 Hic
882 437 996 471 eques
1014 436 1189 460 romanus
1210 427 1397 466 Ciceronis
1415 444 1495 467 ma-

132 489 305 518 terteram
329 482 435 518 duxit
454 494 629 526 uxorem3
651 491 849 530 propterea
875 484 970 520 filios
988 487 1189 521 Aculeonis
1211 488 1340 525 Cicero
1363 504 1497 528 conso-

133 542 262 578 brinos
282 556 367 579 suos
385 550 513 588 vocat,
531 543 595 578 lib.
616 556 665 588 11,
692 546 739 579 de
763 546 926 581 Oratore.
947 548 1079 582 Pnusw.

188 613 307 658 Quum
326 614 373 647 ab
396 613 465 648 hoc
481 614 732 649 discesseritis.
758 615 903 650 Scilicet
928 628 948 651 a
969 617 1141 652 Scaevola.

184 683 268 718 Cn.
295 684 411 718 XLV.
439 683 525 718 Cum
548 685 693 731 ingenio
717 685 790 720 sibi
805 684 985 734 [auctore]
1012 687 1237 734 dignitatem.
1258 690 1331 723 Vix
1352 691 1496 727 cicero-

131 744 283 779 nianum
303 744 453 779 videtur
471 745 609 790 dicere,
630 745 780 794 ingenio
800 755 944 782 auctore
965 749 1263 795 alc'quidfacere.
1283 752 1339 786 De
1363 765 1494 798 perso-

132 805 188 840 nis
208 806 356 853 saepius,
380 806 614 842 nullibivero
630 805 794 856 (opinor)
814 809 950 844 Noster
972 809 1017 844 de
1038 810 1149 844 rebus
1164 811 1269 857 quasi
1282 813 1496 849 auctoribus

130 867 309 913 loquitur.
329 868 497 903 Fortasse
518 868 632 916 igitur
656 876 708 904 est
729 866 887 904 delenda
905 882 980 904 vox
1003 877 1173 912 auctore,
1201 878 1332 918 utpote
1353 886 1433 920 quae
1453 886 1496 909 ex

129 939 222 962 voce
249 929 470 963 auctoritate
502 929 541 963 in
569 930 740 976 sequenti
769 929 865 965 linea
894 931 967 965 buc
992 931 1038 965 ab
1067 930 1308 967 inscientibus
1339 934 1496 969 librariis

131 988 292 1023 adducta
310 989 471 1024 videtur.
497 991 631 1025 Pmnc.

188 1060 343 1093 Silarum
363 1072 480 1094 rerum
502 1061 637 1095 incerti.
658 1062 796 1096 Versus
817 1074 862 1097 ex
884 1062 1061 1110 tragoedia
1083 1063 1242 1110 quadam
1262 1065 1383 1099 Ennii.

186 1129 273 1163 Cn.
300 1130 436 1164 XLVI.
455 1130 532 1175 Qui
540 1131 684 1178 possit,
705 1144 777 1166 non
797 1140 874 1166 tam
894 1133 1065 1167 caduceo.
1079 1132 1272 1168 Caduceus
1284 1141 1360 1169 erat
1377 1135 1497 1184 virga,

131 1200 242 1235 quarn
272 1189 418 1225 feciales
437 1191 635 1238 gerebant,
655 1205 772 1239 quum
797 1193 844 1227 ad
872 1193 995 1228 hostes
1019 1195 1276 1228 Romanorum
1303 1195 1495 1231 mitteren-

133 1256 205 1294 tur,
230 1262 294 1285 seu
312 1249 422 1293 belli,
447 1264 511 1286 seu
523 1252 625 1299 pacis
645 1265 771 1297 causa;
786 1266 973 1301 quamque
993 1266 1069 1300 prae
1083 1267 1119 1289 se
1132 1255 1307 1299 ferentes,
1329 1256 1440 1300 sacri,
1463 1263 1498 1291 et

129 1310 215 1346 ideo
243 1324 321 1346 non
347 1311 513 1347 violandi
537 1314 779 1360 putabantur.
810 1315 885 1360 Qui
903 1315 1046 1362 virgam
1071 1315 1189 1360 illam,
1211 1316 1354 1364 insigne
1377 1317 1497 1362 pacis,

129 1373 343 1418 gestabant,
365 1381 469 1409 erant
485 1374 569 1420 jure
594 1375 760 1422 gentium
779 1375 921 1422 ubique
941 1375 1012 1409 tuti
1037 1383 1072 1410 et
1094 1375 1307 1410 incolumes.
1333 1377 1419 1411 Haec
1445 1383 1498 1411 est

128 1445 247 1479 porro
274 1434 387 1480 hujus
415 1436 488 1469 loci
511 1434 694 1469 sententia
721 1447 729 1468 :
756 1442 897 1478 orator,
917 1447 997 1468 non
1024 1442 1098 1469 tam
1133 1435 1291 1470 oratoris
1314 1447 1499 1482 persona,

132 1506 247 1540 quam
267 1494 444 1530 orationis
464 1495 705 1538 auctoritate,
725 1501 826 1529 tutus
844 1494 900 1529 sit.
920 1496 1058 1529 Pnsnc.
1079 1502 1114 1530 et
1133 1496 1267 1530 Pnnsr.

183 1564 270 1599 Cn.
284 1565 326 1599 L.
347 1565 433 1599 Pila
446 1564 536 1599 bene
544 1590 555 1606 ,
576 1570 612 1598 et
621 1564 811 1597 duodecim
824 1563 972 1609 scrz‘ptzs
990 1564 1178 1597 ludere.—-
1190 1564 1344 1608 Scriptis
1354 1563 1497 1597 habent

128 1624 294 1671 plurimae
314 1625 513 1667 editiones;
534 1624 610 1658 aliae
628 1634 719 1656 vero
739 1622 882 1669 scrupis
890 1634 904 1663 ;
926 1622 1031 1669 quod
1051 1623 1221 1670 quidem,
1242 1623 1413 1658 Manutio
1431 1623 1494 1668 ju—

130 1685 233 1729 dice,
266 1685 397 1720 melius
431 1691 494 1719 est.
527 1684 606 1731 Ego
632 1682 739 1728 cujus
771 1682 923 1729 quidem
954 1683 1125 1729 opinioni
1149 1683 1338 1718 assentior.
1361 1684 1496 1718 Fabius

131 1758 284 1793 quoque
303 1745 431 1781 scribit
449 1746 487 1779 P.
517 1744 684 1779 Mucium
703 1745 903 1779 Scaevolam
923 1743 1124 1778 duodecim
1149 1744 1289 1790 scrupis
1315 1744 1410 1778 bene
1434 1744 1494 1777 lu-

130 1807 226 1842 sisse.
247 1806 322 1851 Qui
345 1806 455 1841 ludus
483 1805 685 1853 exponitur
706 1805 752 1840 ab
780 1804 918 1840 Ovidio
941 1818 948 1839 :

271 1926 324 1955 Est
337 1933 432 1965 genus
444 1922 477 1954 in
489 1922 620 1954 totidem
633 1921 720 1953 tenui
738 1921 860 1952 ratione
876 1920 1036 1952 redactum

319 1978 445 2020 Spicula
456 2002 464 2015 ,
484 1984 559 2019 quot
575 1988 693 2008 menses
711 1976 849 2008 lubricus
864 1987 961 2007 annus
978 1976 1084 2008 habet.

278 2035 377 2064 Parva
392 2032 506 2064 tabella
525 2032 608 2074 capit
623 2038 726 2063 ternos
739 2031 897 2073 utrimque
912 2031 1034 2074 lapillos
1044 2056 1052 2069 ,

321 2091 359 2120 In
372 2100 433 2132 qua
445 2089 552 2120 vicisse
568 2095 612 2120 est
627 2088 821 2120 continuasse
836 2099 917 2119 suos.

138 2194 184 2228 Et
203 2192 240 2227 in
259 2191 422 2227 Martiali
442 2205 450 2226 ε

277 2306 349 2333 Haec
369 2301 448 2332 mihi
463 2301 584 2333 bisseno
605 2307 785 2332 numeratur
802 2306 915 2331 tessera
928 2307 1043 2342 puncto
1059 2311 1067 2330 :

323 2356 465 2388 Calculus
479 2356 531 2388 hic
547 2357 670 2398 gemino
686 2356 819 2387 discolor
837 2355 926 2386 hoste
940 2355 1029 2398 petit.

190 2469 277 2503 CAP.
306 2469 368 2504 Ll.
389 2468 517 2515 Neque
535 2479 622 2502 vero
653 2467 729 2501 istis
757 2465 949 2513 tragos-dicte
980 2465 1060 2499 tuis.
1092 2462 1304 2512 Tragoedias
1331 2461 1368 2496 in
1395 2460 1502 2508 nugis

140 2542 247 2577 agere
273 2529 460 2572 dicuntur,
482 2528 565 2575 qui,
584 2540 661 2562 rem
679 2539 832 2574 parvam
852 2524 1074 2560 clamitando
1087 2553 1097 2570 ‚
1114 2533 1157 2560 ut
1181 2523 1259 2559 fieri
1279 2523 1370 2557 solet
1384 2534 1402 2556 a
1423 2529 1500 2555 tra—

141 2590 351 2639 goediarum
373 2590 583 2635 actoribus,
609 2600 779 2636 magnam
803 2586 952 2622 faciunt.
979 2588 1112 2621 Pncs‘r.

312 2674 355 2700 11.
1120 2671 1123 2673 ’
1282 2666 1338 2692 '20
