1843 3166
652 169 791 203 LIBER
825 170 870 202 11⁷.
1378 179 1446 212 ¹03)

78 254 317 297 rationibus
331 288 342 310 ,
369 255 578 314 quibusve
598 253 824 313 praeceptis
844 269 892 295 ca
916 262 1037 296 tanta
1058 255 1119 296 vis
1140 265 1417 314 comparetur
1437 271 1447 298 :

81 351 169 377 non
195 352 281 395 quo
312 352 406 379 mea
437 335 611 395 quidem
637 335 722 390 jam
745 334 914 376 intersit
939 334 1099 393 (neque
1132 335 1248 376 enim
1280 345 1379 378 aetas
1408 335 1451 379 id

84 431 176 459 mea
204 415 442 471 desiderat,
478 425 521 458 et
540 413 656 457 aliud
682 413 902 473 quoddam
927 430 1064 475 genus
1090 413 1263 457 dicendi
1288 430 1367 458 nos
1396 431 1454 459 se-

86 497 171 540 cuti
188 513 333 540 sumus
347 531 357 550 ,
379 496 452 556 qui
471 511 693 555 nunquam
715 496 950 539 sententias
971 495 1024 538 de
1045 495 1242 538 manibus
1259 495 1455 555 judicum

87 578 126 620 vi
145 577 330 637 quadam
348 576 556 620 orationis
571 577 851 632 extorsimus,
870 592 918 619 ac
938 577 1082 636 potius
1104 576 1283 637 placatis
1306 593 1456 620 eorum

88 658 261 709 animis,
294 665 484 711 tantum,
512 665 725 716 quantum
751 656 832 717 ipsi
856 657 1153 717 patiebantur,
1175 655 1461 717 accepimus),

89 737 163 780 sed
185 747 329 780 tamen
354 738 436 781 ista
460 747 552 793 tua,
579 736 747 780 nullum
773 736 826 780 ad
848 754 974 781 usum
994 753 1164 795 meum,
1195 748 1361 782 tantum
1387 754 1462 781 co-

91 818 324 878 gnoscendi
347 818 487 861 studio
508 817 720 862 adductus
742 819 931 878 requiro.

155 900 246 942 Nec
267 899 373 942 mihi
393 915 502 959 opus
523 908 587 942 est
607 915 745 960 graeco
766 898 911 960 aliquo
934 899 1136 955 doctore,
1158 901 1231 960 qui
1251 900 1355 943 mihi
1374 917 1466 960 per-

94 978 266 1040 vulgata
287 990 503 1040 praecepta
524 980 750 1036 decantet,
780 998 916 1041 quum
938 982 1030 1040 ipse
1051 998 1276 1040 nunquam
1297 981 1437 1024 forum
1456 1015 1466 1035 ,

96 1076 320 1120 uunquam
350 1059 488 1104 ullum
517 1060 729 1120 judicium
766 1060 1013 1121 adspexerit
1043 1078 1050 1103 :
1087 1070 1135 1104 ut
1158 1062 1468 1120 peripateticus

99 1140 171 1183 ille
204 1140 364 1184 dicitur
388 1141 616 1191 Phorinio;
649 1157 783 1201 quum
813 1140 1001 1185 Annibal
1026 1142 1293 1202 Carthagine
1325 1140 1472 1202 expul-

99 1237 169 1263 sus
192 1222 410 1280 Ephesum
443 1221 496 1264 ad
517 1222 782 1265 Antiochum
817 1223 1004 1264 venisset
1036 1221 1181 1277 exsul,
1208 1238 1376 1282 proque
1397 1238 1472 1275 eo,

101 1300 216 1359 quod
244 1302 334 1361 ejus
359 1317 517 1344 nomen
546 1310 638 1344 erat
667 1317 825 1362 magna
856 1301 972 1360 apud
995 1317 1146 1344 omnes
1177 1300 1334 1361 gloria,
1368 1302 1475 1343 invi-

104 1391 216 1424 tatus
246 1391 359 1424 esset
391 1381 443 1424 ab
476 1381 722 1442 hospitibus
756 1381 867 1438 suis,
899 1391 947 1424 ut
979 1398 1102 1436 eum,
1137 1398 1268 1441 quem
1302 1381 1410 1436 dixi,
1443 1382 1476 1423 si

104 1461 256 1514 vellet,
283 1461 477 1518 audiret,
508 1479 730 1523 quumque
757 1480 801 1507 se
825 1479 913 1505 non
935 1461 1049 1507 nolle
1076 1463 1276 1519 dixisset,
1309 1461 1478 1506 locutus

106 1558 198 1586 esse
219 1542 377 1586 dicitur
397 1543 529 1587 homo
555 1545 758 1605 copiosus
785 1544 951 1605 aliquot
975 1545 1105 1588 horas
1135 1543 1187 1587 de
1209 1543 1481 1604 imperatoris

108 1622 269 1679 offic-io,
306 1634 349 1667 et
374 1623 427 1667 de
448 1626 565 1667 omni
586 1641 633 1668 re
656 1624 845 1668 militari.
884 1627 1020 1678 Tum,
1057 1640 1193 1684 quum
1215 1625 1372 1680 ceteri,
1408 1624 1482 1683 qui

110 1705 232 1749 illum
253 1705 501 1760 audierant,
526 1706 807 1749 vehementer
827 1715 969 1749 essent
989 1704 1211 1761 delectati,
1233 1706 1485 1765 quaerebant

112 1786 165 1830 ab
202 1785 441 1842 Annibale,
471 1785 679 1846 quidnam
711 1787 803 1847 ipse
840 1786 893 1830 de
926 1785 1000 1830 illo
1037 1785 1300 1847 philosopho
1326 1785 1486 1846 judica-

113 1876 195 1909 ret.
218 1868 375 1910 Poenus
401 1882 489 1930 non
510 1867 672 1927 optime
693 1882 829 1927 graece
843 1901 854 1918 ,
889 1866 963 1910 sed
984 1877 1129 1909 tamen
1155 1865 1291 1909 libere
1313 1881 1488 1925 respon-

116 1946 228 1990 disse
247 1946 399 2003 fertur,
419 1946 578 1991 inultos
599 1963 644 1990 se
665 1946 823 1990 deliros
845 1963 967 1990 senes
987 1963 1100 2006 saepe
1116 1945 1299 2002 vidisse3
1321 1944 1395 1988 sed
1413 1944 1487 2003 qui

118 2030 254 2088 magis
269 2063 280 2085 ,
302 2045 431 2088 quam
451 2028 680 2083 Phormio,
703 2027 929 2081 deliraret,
950 2027 1107 2070 vidisse
1128 2027 1362 2069 neminem.

183 2110 335 2169 Neque
358 2107 603 2153 mehercule
620 2109 796 2168 injuria.
813 2107 932 2164 Quid
954 2108 1070 2150 enim
1095 2117 1170 2149 aut
1196 2106 1491 2166 arrogantum,

123 2200 200 2234 aut
219 2189 442 2250 loquacius
461 2189 554 2233 fleri
575 2190 740 2250 potuit,
761 2204 892 2248 quam
913 2186 1139 2242 Annibali,
1168 2187 1241 2247 qui
1267 2196 1332 2229 tot
1355 2201 1492 2228 annos

125 2271 176 2315 de
196 2272 378 2331 imperio
394 2288 492 2314 culn
516 2270 679 2331 populo
697 2285 878 2313 romano
897 2269 1092 2311 omnium
1115 2268 1309 2328 gentium
1331 2267 1495 2309 victore

127 2362 348 2408 certasset,
371 2369 558 2413 graecum
577 2352 819 2406 hominem,
841 2351 915 2409 qui
933 2365 1157 2408 nunquam
1176 2349 1365 2402 hostem,
1386 2362 1497 2388 nun-

129 2451 258 2493 quam
286 2443 428 2477 castra
454 2432 654 2487 vidisset,
691 2447 917 2491 nunquam
944 2429 1128 2488 denique
1155 2429 1378 2471 minimam
1404 2441 1500 2485 par-

130 2524 216 2558 tem
253 2513 381 2557 ullius
430 2513 593 2573 publici
629 2513 819 2555 muneris
855 2511 1088 2570 attigisset,
1124 2517 1339 2569 praecepta
1370 2505 1422 2548 de
1454 2521 1499 2546 rc

134 2592 306 2636 militari
336 2593 465 2636 dare?
492 2596 585 2636 Hoc
616 2592 722 2634 mihi
754 2591 893 2633 facere
912 2605 1059 2632 omnes
1092 2590 1188 2641 isti,
1218 2587 1291 2646 qui
1325 2584 1377 2627 dc
1408 2592 1500 2627 arte
