1843 3166
310 196 378 236 315,
817 190 881 224 DE
908 189 1156 224 ORATORE.

359 271 410 307 CA
421 284 450 309 P.
468 270 512 305 X.
545 270 590 303 Ut
608 268 662 301 ait
679 267 740 300 ille
759 266 795 299 ln
825 266 1045 300 Trlmmzmo.
1067 266 1109 299 In
1128 264 1252 299 fabula
1279 264 1417 310 Plauti,
1438 277 1520 312 quae
1539 265 1589 301 sic
1612 267 1670 302 in-

305 333 489 376 scribitur,
510 343 656 374 scrvus,
683 341 795 376 quem
819 327 1002 363 delectant
1026 326 1140 361 verba
1168 325 1361 372 cujusdam
1388 326 1573 374 Lysitelis‚
1600 340 1669 364 ex-

304 399 452 437 clamat,
485 399 551 427 act.
584 403 653 435 111,
682 402 730 425 sc.
764 402 784 423 2
814 402 822 424 ε
854 389 975 423 «Non
1005 387 1101 423 enim
1131 399 1281 434 possum
1310 386 1402 433 quin
1439 388 1635 423 exclamem
1662 401 1670 424 ε

308 456 423 504 Euge!
452 454 561 503 euge!
590 453 764 500 Lysiteles
795 457 906 497 πάλιν,
935 449 1040 485 facile
1067 450 1227 496 palmam
1265 448 1399 493 habes,
1427 448 1486 483 hic
1516 449 1634 485 victus
1661 463 1669 484 ε

305 518 390 552 vicit
410 525 471 551 tua
493 514 684 550 comoetlia.
716 529 729 544 u

361 577 540 613 Can-ilius.
570 574 731 610 Nationc
755 572 910 607 Insuber
935 571 1079 617 Gallus3
1106 569 1337 618 professione
1364 570 1526 605 comicus
1546 578 1669 618 poeta.

304 639 415 685 Quod
429 650 554 672 servus
575 636 700 670 fuisset
713 663 721 678 ,
741 634 871 669 servile
886 645 1021 667 nomen
1040 632 1170 667 habuit
1184 631 1342 676 Statim,
1363 639 1403 666 ut
1422 638 1527 666 notat
1541 644 1592 676 1v,
1609 644 1669 677 20,

306 701 418 735 :tulus
446 697 596 731 Gellius.
636 695 738 729 Vixit
770 696 916 737 Romae,
947 700 984 727 et
1015 693 1204 727 coxnoediae
1234 691 1408 739 princeps
1435 693 1584 728 habitus
1617 699 1671 728 est

300 767 401 795 aetate
422 771 496 793 sua.
518 758 611 791 Eum
631 755 716 789 licet
739 754 836 788 dicat
862 753 991 788 Cicero
1011 754 1147 787 malum
1171 753 1361 788 latinitatis
1380 761 1588 799 auctorem,
1609 761 1669 788 ta-

299 833 382 856 men
401 821 433 855 ci
455 819 611 866 primas,
632 816 727 850 inter
747 814 930 858 comicos,
955 820 1080 860 partes
1093 813 1224 848 tribuit
1245 813 1446 861 Sedigitius
1458 815 1670 861 Volcatius;

299 882 405 930 quod
424 881 537 916 refert
551 878 691 913 Gellius
704 906 712 921 ‚
728 889 775 911 xv
788 904 796 920 ‚
820 880 878 918 24.
902 876 986 922 Ipse
1008 874 1171 919 Tullius,
1186 874 1249 909 lib.
1273 875 1320 909 de
1337 876 1422 921 Ope.
1439 888 1524 923 gen.
1548 876 1666 917 Orat„

298 958 327 978 c.
362 957 372 977 1
387 971 396 987 ,
423 942 571 976 videtur
591 939 661 986 ipsi
683 938 846 985 primum
866 936 963 971 inter
982 935 1144 970 comicos
1164 936 1289 970 locum
1308 935 1407 970 darc.
1432 938 1547 980 Sane,
1568 937 1669 984 apud

298 1004 482 1047 Nonium,
508 1002 546 1036 in
578 1001 694 1035 verbo
723 1011 904 1047 poscere,
940 1000 1061 1033 Varro
1094 997 1347 1045 principatum
1376 997 1415 1032 in
1445 997 1669 1045 argumentis

297 1065 441 1100 Caecilio
468 1063 571 1098 dedit
596 1075 603 1096 :
636 1063 673 1096 in
698 1060 926 1109 argumentis
959 1060 1129 1094 Caecilius
1152 1060 1273 1106 poscit
1295 1060 1467 1106 palmam
1476 1072 1490 1102 ,-
1518 1060 1554 1094 in
1574 1067 1666 1102 ἤθεσι

305 1126 513 1166 Te!·etzcius,·
538 1125 574 1158 in
599 1123 822 1157 sermonibus
847 1123 1012 1156 Plautus.
1037 1120 1179 1156 Claruit
1203 1120 1369 1156 Caecilius
1388 1132 1419 1155 a.
1445 1122 1490 1156 U.
1513 1122 1551 1156 C.
1581 1119 1666 1167 587.

297 1189 350 1222 De
376 1187 438 1221 illo
464 1187 571 1232 plura
590 1184 754 1220 Vossius.
776 1185 914 1218 PEAnc.

349 1250 434 1283 CAP.
462 1249 528 1282 XI.
555 1248 673 1292 Quam
693 1253 821 1280 contra
844 1246 1027 1291 collegam
1054 1255 1183 1277 censor
1204 1242 1341 1277 habuit.
1367 1243 1432 1277 Cn.
1460 1241 1667 1277 Domitium

296 1309 587 1345 Ahenobarbum
604 1336 613 1353 ‚
642 1307 802 1343 Neronis
830 1304 1065 1353 imperatoris
1091 1311 1262 1349 atavum,
1295 1304 1340 1339 de
1369 1315 1447 1351 quo
1473 1303 1668 1339 dicebatur

296 1383 372 1405 non
392 1383 468 1405 esse
486 1370 698 1404 mirandum
711 1397 720 1413 ,
741 1368 847 1415 quod
866 1367 1022 1402 barbam
1044 1366 1198 1401 haberet
1218 1365 1412 1409 aheneam,
1433 1363 1493 1398 cui
1520 1376 1561 1398 os
1588 1363 1665 1399 fer—

294 1445 421 1476 reum,
449 1439 484 1467 et
513 1444 579 1466 cor
608 1430 825 1477 plumbeum
845 1436 948 1463 esset.
981 1430 1122 1465 Censor
1152 1427 1223 1461 fuit
1257 1439 1289 1461 a.
1312 1428 1358 1461 U.
1387 1427 1426 1461 C.
1456 1425 1652 1461 662.Cu1n

295 1496 334 1529 L.
368 1496 498 1529 Crasso
525 1505 654 1539 graves
686 1491 852 1525 exercuit
873 1488 1093 1523 inimicitias.
1124 1488 1222 1523 Vide
1252 1489 1423 1522 Pus-mm
1448 1488 1662 1533 Mnomzm,

295 1567 393 1598 xvn,
427 1566 462 1595 13
485 1559 520 1587 et
541 1555 751 1587 VALER1UM
771 1553 990 1592 MAXIMUM,
1011 1561 1072 1592 lx,
1099 1561 1130 1582 1.
1158 1550 1298 1582 Peme.

343 1616 429 1650 CAP.
450 1614 536 1649 XII.
565 1613 684 1660 Usque
696 1612 749 1645 acl
769 1612 813 1645 P.
826 1610 1003 1644 Mucium.
1020 1608 1143 1642 Miror
1159 1608 1258 1642 hunc
1270 1607 1397 1654 putari
1408 1620 1493 1642 eum
1511 1609 1660 1643 Scaevo-

291 1678 379 1721 lam,
400 1688 475 1723 quo
496 1674 670 1723 magistro
682 1685 769 1708 usus
789 1679 841 1707 est
855 1671 984 1706 Cicero
999 1669 1038 1703 in
1055 1669 1138 1715 jure
1150 1668 1268 1713 civili3
1288 1668 1382 1703 utin
1401 1669 1464 1703 lib.
1479 1669 1527 1703 de
1551 1670 1661 1703 Ami—

291 1739 379 1772 citia
398 1737 574 1783 scriptum
595 1742 658 1771 est.
674 1736 769 1770 Nam
782 1734 811 1769 is
829 1740 881 1768 est
902 1734 947 1777 Q.
968 1731 1134 1775 Mucius,
1155 1730 1220 1778 qui
1235 1737 1270 1765 et
1282 1730 1360 1777 ipse
1372 1729 1545 1776 pontifex
1562 1742 1660 1765 max.

290 1799 369 1834 suit.
395 1798 464 1833 Hic
490 1805 613 1833 autem
637 1799 675 1832 P.
705 1796 875 1840 Mucius,
905 1796 949 1839 Q.
977 1792 1097 1827 Mucii
1129 1799 1235 1839 pater
1258 1791 1429 1839 proxime
1458 1791 1659 1837 nominati,

290 1861 419 1895 consul
446 1872 477 1894 a.
503 1860 548 1895 U.
582 1860 621 1894 C.
649 1858 734 1892 620.
761 1859 816 1892 De
836 1868 913 1904 quo
935 1855 974 1889 in
1003 1853 1172 1888 oratione
1191 1866 1261 1900 pm
1286 1854 1431 1896 Domo,·
1454 1852 1518 1887 lib.
1549 1865 1583 1887 11
1611 1854 1659 1888 cle

290 1922 446 1969 Legibus
454 1935 468 1964 ;
496 1921 559 1955 lib.
591 1933 604 1954 1
632 1922 679 1955 de
700 1921 846 1955 Natura
872 1919 1034 1952 Deorum
1043 1928 1057 1957 ,·
1077 1923 1112 1950 et
1137 1915 1255 1964 Epist.
1277 1928 1319 1959 v,
1344 1914 1408 1949 lib.
1432 1928 1484 1959 11⁷
1515 1916 1570 1948 ad
1592 1917 1658 1948 At-

289 1983 410 2017 ticum.
434 1984 588 2018 ΜΑΝυΤ.

340 2045 554 2078 stimulabat
579 2043 718 2078 litteris.
742 2041 913 2077 Pontifex
942 2053 1038 2075 max.
1068 2052 1162 2074 rom.
1192 2038 1279 2072 olim
1305 2050 1363 2072 res
1382 2043 1500 2085 gestas
1524 2035 1657 2072 litteris

288 2105 498 2140 mandabat.
525 2104 584 2139 Sic
616 2104 718 2150 apud
748 2104 874 2138 Persas
903 2103 1038 2151 magis,
1067 2100 1169 2148 apud
1194 2100 1341 2134 Judaeos
1376 2098 1653 2143 sacerdotibus,

288 2166 389 2212 apud
408 2165 603 2213 AEgyptios
620 2165 767 2199 vatibus
786 2164 913 2199 eadem
933 2176 1021 2198 cura
1040 2169 1077 2198 et
1100 2160 1291 2209 provincia
1312 2159 1535 2194 demandata
1561 2159 1653 2205 fuit,

288 2239 364 2274 quo
384 2227 546 2261 sanctior
570 2233 679 2269 esset,
699 2225 749 2259 ait
766 2226 887 2260 bonus
909 2226 1070 2268 Talaeus,
1089 2222 1251 2258 historiae
1269 2220 1403 2256 veritas
1426 2228 1461 2255 et
1479 2219 1585 2255 fides.

338 2286 602 2334 Effirebatque
623 2288 660 2321 in
685 2286 821 2320 album.
842 2286 980 2321 Album
997 2291 1107 2320 vocat
1125 2283 1311 2320 Antonius
1332 2282 1371 2317 id
1400 2281 1505 2329 quod
1533 2281 1651 2316 Graeci

286 2356 455 2399 λεύκωμα,
475 2348 514 2382 id
540 2354 594 2382 est
616 2347 778 2382 tabulam
803 2348 887 2383 albo
917 2348 1043 2382 colore
1069 2346 1278 2389 inductam,
1300 2343 1337 2378 in
1358 2355 1431 2390 qua
1455 2342 1647 2377 scribeba—

287 2418 347 2444 tur
374 2409 533 2456 aliqukl,
558 2415 600 2442 ut
623 2421 642 2442 a
671 2416 829 2455 praetore
854 2409 995 2453 edicta,
1026 2408 1085 2442 vel
1112 2406 1263 2441 nomina
1289 2405 1479 2451 judicum3
1504 2415 1523 2437 a
1549 2415 1649 2450 pon-

286 2470 382 2506 tifice
401 2470 562 2505 maximo
585 2471 732 2504 annales
751 2483 874 2505 rerum
896 2468 1046 2517 publice
1067 2475 1270 2516 gestarum,
1288 2467 1347 2501 vel
1367 2477 1572 2510 sacrarum,
1590 2465 1649 2498 vel

287 2531 576 2566 caerimoniarum
595 2531 698 2565 ritus.
718 2531 860 2566 Efferre
880 2530 993 2578 igitur
1013 2530 1049 2564 in
1069 2529 1191 2564 album
1205 2556 1213 2568 ,
1239 2534 1292 2562 est
1316 2527 1453 2562 referre
1472 2525 1510 2560 in
1532 2526 1643 2560 tabu-

286 2596 357 2628 lam
370 2622 378 2635 ,
408 2605 561 2641 eamque
582 2605 792 2640 proponere
812 2593 1015 2641 legendam.
