1843 3166
389 167 462 205 268
906 171 971 206 DE
1001 170 1237 207 ORATORE

389 254 673 313 distincteque
701 254 908 298 considat.
940 257 1129 301 Notatur
1156 255 1270 298 enim
1293 253 1478 296 maxime
1511 251 1748 296 similitudo

391 335 433 377 in
470 334 816 394 conquiescendo
847 351 856 377 :
893 344 960 391 et,
992 336 1025 378 si
1064 336 1193 395 primi
1233 344 1274 377 et
1303 332 1509 394 postremi
1535 331 1595 376 ill'i
1620 332 1750 392 pedes

389 424 490 458 sunt
517 415 597 458 hac
620 416 787 458 ratione
810 417 991 470 servati,
1017 415 1146 458 medii
1169 425 1347 475 possunt
1366 413 1522 470 latere,
1546 412 1676 456 modo
1697 428 1751 455 ne

391 497 598 540 circuitus
631 497 720 556 ipse
755 497 989 539 verborum
1026 497 1081 539 sit
1119 505 1195 539 aut
1235 495 1423 549 brevior,
1460 510 1589 554 quam
1625 509 1752 537 aures

391 586 661 636 exspectent,
685 586 760 620 aut
779 575 969 637 longior,
999 593 1129 636 quam
1157 576 1269 619 vires
1293 584 1420 635 atquc
1450 575 1595 618 anima
1619 573 1755 634 patia-

394 667 477 700 tur.

455 739 504 779 L.
533 735 758 781 Clausulas
790 747 933 781 autem
958 735 1206 798 diligentius
1240 736 1369 779 etiam
1409 734 1639 779 servandas
1664 750 1755 778 esse

394 817 595 872 arbitror,
619 834 750 876 quam
769 819 1011 878 superiora,
1038 817 1153 877 quod
1179 818 1222 860 in
1250 817 1316 860 his
1338 816 1522 860 maxime
1546 814 1753 875 perfectio

394 908 523 958 atque
552 898 767 942 absolutio
796 899 1031 959 judicatur.
1059 899 1171 942 Nam
1195 914 1343 942 versus
1369 914 1489 957 aeque
1529 896 1691 956 prima,
1714 905 1756 939 et

395 978 557 1034 media,
591 989 633 1022 et
657 988 848 1023 extrema
879 996 978 1039 pars
1020 978 1279 1035 attenditur3
1309 979 1383 1038 qui
1417 976 1683 1034 debilitatur,
1712 977 1756 1020 in

394 1076 666 1119 quacumque
695 1061 749 1103 sit
770 1069 893 1120 parte
918 1059 1152 1104 titubatum
1173 1077 1182 1102 :
1211 1059 1253 1102 in
1281 1059 1478 1102 oratione
1497 1067 1643 1101 autem
1665 1058 1756 1118 pri-

395 1156 463 1182 ma
498 1140 624 1199 pauci
649 1149 857 1196 cernunt,
892 1149 1108 1200 postrema
1144 1138 1354 1200 plerique.
1395 1139 1522 1195 Quae,
1546 1138 1755 1198 quoniam

395 1229 603 1280 apparent
627 1229 669 1263 et
694 1219 1007 1281 intelliguntur,
1035 1219 1242 1264 varianda
1271 1229 1394 1276 sunt,
1416 1236 1470 1263 ne
1489 1228 1563 1263 aut
1589 1218 1757 1262 animo-

396 1317 491 1343 rum
515 1300 690 1359 judieiis
712 1300 1013 1360 repudientur,
1037 1310 1113 1344 aut
1138 1300 1309 1344 aurium
1333 1300 1544 1343 satietate.

458 1384 558 1424 Duo
590 1381 704 1424 enim
728 1390 802 1423 aut
830 1391 914 1424 tres
940 1390 1041 1424 sunt
1064 1381 1152 1424 fere
1174 1381 1356 1425 extremi
1382 1380 1580 1424 servandi
1607 1388 1649 1424 et
1679 1395 1758 1422 no-

398 1460 516 1503 tandi
541 1459 689 1519 pedes,
716 1461 750 1503 si
788 1460 916 1503 modo
940 1477 1027 1503 non
1051 1460 1251 1504 breviora
1275 1470 1315 1504 et
1340 1461 1517 1520 praecisa
1539 1469 1667 1503 erunt
1688 1476 1758 1502 su-

397 1540 587 1598 periora;
610 1555 717 1598 quos
741 1548 815 1581 aut
839 1539 1018 1582 choreos
1035 1572 1045 1593 ,
1065 1550 1141 1582 aut
1159 1540 1333 1594 heroos,
1357 1550 1432 1583 aut
1453 1539 1642 1583 alternos
1666 1556 1758 1583 esse

396 1619 632 1679 oportebit,
657 1629 733 1662 aut
765 1620 807 1662 in
831 1635 980 1679 paeone
1005 1617 1081 1662 illo
1107 1620 1366 1678 posteriore,
1394 1636 1523 1679 quem
1549 1621 1759 1664 Aristote-

397 1699 455 1743 les
479 1700 657 1761 probat,
686 1709 760 1743 aut
782 1700 819 1743 ei
848 1701 940 1760 pari
963 1700 1136 1743 cretico.
1161 1703 1330 1744 Horum
1358 1700 1673 1744 vicissitudines
1699 1701 1760 1744 ef-

398 1781 562 1837 ficient,
586 1790 633 1824 ut
657 1797 796 1840 neque
824 1781 852 1824 ii
873 1781 1097 1835 satientur,
1121 1782 1195 1840 qui
1217 1780 1421 1838 audient,
1445 1781 1619 1825 fastidio
1639 1781 1759 1825 simi-

400 1861 617 1915 litudinis,
642 1877 722 1904 nec
738 1877 816 1904 nos
842 1860 907 1918 id,
926 1860 1043 1921 quod
1071 1851 1295 1918 faciemus,
1318 1878 1450 1922 opera
1465 1862 1607 1906 dedita
1623 1862 1761 1907 facere

399 1942 635 1985 videamur.

461 2023 592 2079 Quod
612 2023 646 2065 si
668 2023 895 2083 Antipater
915 2021 986 2067 ille
1015 2023 1242 2081 Sidonius,
1268 2039 1397 2083 quem
1421 2032 1469 2067 tu
1491 2023 1648 2084 probe,
1672 2025 1759 2068 Ca-

402 2101 512 2156 tule,
543 2102 798 2159 meministi,
828 2101 978 2147 solitus
1003 2113 1066 2147 est
1094 2120 1243 2148 versus
1267 2104 1539 2148 hexametros
1565 2102 1760 2165 aliosque

401 2183 529 2226 variis
543 2181 680 2226 modis
706 2193 832 2242 atque
855 2185 1045 2228 numeris
1066 2185 1245 2229 fundere
1264 2201 1316 2228 ex
1331 2194 1547 2245 tempore,
1571 2195 1759 2229 tantum-

403 2278 485 2322 que
504 2262 689 2305 hominis
707 2263 918 2323 ingeniosi
938 2280 986 2307 ac
1010 2265 1212 2308 memoris
1238 2264 1372 2308 valuit
1390 2266 1665 2322 exercitatio,
1690 2275 1758 2322 ut,

404 2358 538 2401 quum
561 2358 605 2385 se
624 2352 764 2385 mente
779 2359 827 2386 ac
842 2343 1062 2387 voluntate
1078 2345 1329 2403 conjecisset
1346 2346 1390 2388 in
1402 2361 1575 2389 versum
1589 2379 1601 2402 ,
1627 2345 1759 2389 verba

402 2432 704 2482 sequerentur;
729 2434 890 2485 quanto
911 2425 953 2468 id
975 2424 1141 2469 facilius
1160 2425 1203 2468 in
1218 2426 1434 2482 oratione,
1453 2426 1759 2470 exercitatione

410 2509 451 2543 et
469 2501 776 2546 consuetudine
801 2503 989 2548 adhibita
1004 2540 1015 2562 ,
1039 2505 1382 2565 consequemur?

477 2578 589 2624 Illud
616 2594 755 2627 autem
784 2601 835 2627 ne
869 2585 965 2643 quis
999 2585 1250 2641 admiretur,
1288 2602 1477 2645 quonam
1505 2588 1636 2633 modo
1672 2590 1758 2635 haec
