1843 3166
282 196 301 229 3
313 205 353 227 ιο
788 194 851 228 DE
882 194 1082 229 ORATOR
1091 195 1130 228 E.

279 270 408 304 tabulae
433 269 728 303 condemnantur
759 270 859 315 ejus,
891 270 955 317 qui
985 283 1060 304 uon
1081 270 1223 305 retulit..
1252 278 1287 305 et
1312 270 1392 316 ejus
1420 271 1484 318 qui
1511 272 1640 307 falsum

278 331 528 377 perscripsit.»
549 331 680 371 Vides.
702 332 829 376 lector,
849 333 1071 379 perscribere
1091 332 1187 367 idem
1209 332 1431 380 siguificare,
1458 345 1499 368 ac
1524 334 1564 368 in
1583 341 1642 369 ta-

277 392 370 427 bulis
390 393 529 440 accepti
558 400 593 428 et
612 394 764 441 expensi
792 394 994 441 scriptione
1019 409 1076 431 res
1098 403 1252 441 notare;
1272 409 1397 431 earum
1416 409 1505 431 vero
1531 405 1642 432 nota-

277 453 394 488 tiones
413 456 699 502 pem-criptiones
725 456 954 491 dicebantur.
977 459 1114 492 Pisano.

329 516 415 550 Car.
441 516 541 550 LIX.
562 517 754 551 Poeanem.
782 519 887 552 Paean
909 518 1067 565 hymnus
1088 518 1125 553 in
1146 518 1327 553 honorem
1349 518 1553 565 Apollinis,
1576 520 1642 566 qui

275 575 321 609 de
341 588 378 609 ie
398 576 491 610 benc
509 583 607 622 gesta
630 577 840 613 canebatur.
857 578 1051 625 Virgilius.
1069 579 1121 614 lib
1154 592 1210 623 vi,
1239 580 1427 621 AEneidos,
1450 594 1463 610 r<
1478 580 1641 614 Laetum-

276 648 349 681 que
375 637 489 670 choro
510 650 634 683 paeana
656 646 839 674 canentes.
854 640 1020 686 »Apollo
1041 639 1235 674 dicebatur
1256 642 1386 685 Paean,
1412 641 1468 675 vel
1497 647 1561 678 ἀπὸ
1587 651 1643 679 τοῦ

275 702 397 741 παίειν,
418 708 437 730 a
464 697 651 742 feriendo,
674 699 779 745 quod
800 699 912 734 radiis
931 700 1059 745 feriat,
1080 701 1136 735 vel
1158 707 1220 738 ἀπὸ
1243 711 1298 739 τοῦ
1320 708 1432 739 παύειν
1462 707 1519 746 τὰς
1539 708 1644 747 ἀνίας,

274 769 292 791 a
313 756 484 792 sedandis
509 758 697 793 molestiis.
718 761 853 794 Pnus’r.

329 827 400 857 Αιιι
437 822 654 856 munionem.
682 822 812 855 Petrus
838 820 1047 866 Victorius,
1066 821 1172 867 cujus
1191 834 1261 870 ego
1279 822 1478 871 diligentiae
1509 832 1544 859 et
1570 825 1642 859 do—

274 884 398 918 ctrinar·
426 883 626 929 plurimum
646 880 879 920 meritissimo
899 881 1048 929 defero,
1062 883 1194 928 refert,
1217 883 1283 919 etsi
1303 884 1422 920 aliena
1439 883 1532 930 fide,
1556 886 1643 932 qui—

274 945 427 980 busdam
448 944 484 978 in
506 945 608 980 libris
633 945 787 992 reperiri
800 945 1098 991 IlIquyclzlonem.
1119 947 1198 994 Ego
1220 945 1257 980 in
1277 946 1394 981 veteri
1414 946 1537 993 reperi
1558 960 1642 982 mu-

274 1008 411 1041 m'orem
431 1019 442 1040 :
471 1019 551 1053 quae
587 1014 746 1054 utraque
777 1005 981 1053 scriptura,
1013 1007 1080 1042 etsi
1112 1007 1313 1054 depravata
1339 1015 1412 1052 est,
1449 1015 1571 1043 tamen
1596 1009 1645 1044 ad

274 1068 523 1113 conjecturam
541 1068 765 1102 movendam
790 1068 945 1103 fortasse
958 1081 1035 1102 non
1059 1067 1198 1103 inutilis
1218 1075 1282 1103 est.
1302 1070 1382 1117 Ego
1404 1069 1519 1117 igitur
1538 1082 1582 1104 ex
1602 1070 1645 1105 iis

273 1127 432 1175 vestigiis
460 1128 658 1175 legendum
684 1141 816 1164 censeo
842 1130 1125 1164 mz'nurc'tc'onem.
1156 1129 1336 1165 Existimo
1366 1130 1463 1165 enim
1490 1131 1644 1167 Cicero-

273 1201 356 1223 nem
388 1190 502 1223 verba
539 1202 652 1235 graeca
685 1197 901 1225 convertere
929 1191 1089 1226 voluisse
1121 1198 1300 1235 παιανὶζειν
1332 1199 1367 1226 et
1390 1199 1574 1243 μινυρίζειν,
1602 1201 1644 1228 ut

274 1262 377 1295 paean
402 1251 446 1284 sit
481 1251 603 1285 cantio
635 1249 735 1300 (nam
764 1264 835 1297 pro
866 1251 963 1298 pede
990 1252 1049 1287 hic
1083 1265 1160 1287 non
1192 1266 1359 1288 censeam
1393 1252 1526 1304 accipi)
1561 1267 1644 1301 quae

273 1312 387 1354 clara,
399 1311 615 1355 exsultanti,
630 1319 881 1359 contentaque
899 1325 994 1347 voce
1009 1313 1156 1358 citatur,
1170 1313 1210 1348 id
1229 1321 1302 1358 est,
1323 1314 1469 1349 canitur
1492 1328 1500 1349 :
1521 1316 1642 1350 minu-

276 1371 377 1412 rino,
405 1372 529 1406 cantio
549 1385 630 1418 quae
650 1373 771 1416 tenui,
794 1373 957 1418 leniore,
982 1374 1278 1421 remissioreque.
1298 1375 1460 1410 Proinde
1481 1375 1643 1410 minuri-

273 1431 393 1465 tiones
423 1432 690 1478 interpretatur
720 1433 919 1479 Pompeius
962 1435 1090 1469 Festus
1124 1435 1303 1470 minorum
1341 1437 1461 1471 avium
1501 1445 1642 1471 cantus.

272 1493 386 1538 Apud
406 1494 695 1538 Aristophanem
719 1500 884 1543 μινυρίζειν
908 1507 1039 1529 canere
1060 1503 1133 1539 Ost,
1153 1503 1279 1545 λύχνους
1293 1504 1415 1546 ἔχοντες
1437 1505 1643 1548 μινυρίζοντες

272 1558 369 1600 μέλ-’ῃ
390 1560 425 1587 et
443 1553 542 1598 apud
561 1554 799 1587 Plutarchum
812 1561 960 1597 ποιηταῖς
980 1558 1017 1592 δὲ
1034 1561 1089 1593 καὶ
1113 1565 1244 1606 λυρικοῖς
1258 1565 1462 1607 μινυρίζουσιν
1480 1565 1563 1608 εἴπερ
1581 1566 1643 1609 ἄρα.

270 1622 404 1662 χρῆσθαι
423 1620 605 1657 παίζοντας,
630 1614 841 1649 Turnebius
865 1613 905 1648 in
922 1614 1029 1660 jocos
1058 1615 1259 1652 Ciceronis.
1287 1618 1424 1653 Videas
1455 1619 1534 1665 ejus
1556 1622 1640 1655 Ad-

272 1686 359 1708 vers.
382 1687 393 1708 1
406 1702 415 1717 ,
436 1687 514 1720 cap.
541 1676 789 1710 12.—Putant
806 1675 977 1710 nonnulli
999 1676 1060 1710 hic
1077 1677 1276 1725 legendum
1290 1691 1468 1724 poeanem
1490 1688 1556 1715 aut
1573 1694 1644 1716 no-

270 1736 393 1770 mium.
417 1736 592 1770 Nomium
619 1744 741 1771 autem
761 1749 878 1785 genus
900 1737 1097 1783 cautionis,
1117 1752 1181 1773 seu
1204 1739 1374 1775 carminis
1400 1741 1510 1776 fuisse
1531 1742 1642 1778 docet

270 1797 489 1841 Athenaeus,
510 1810 586 1832 xiv.
608 1800 731 1833 GRUT.
752 1820 803 1825 —
824 1799 927 1847 Lego
941 1800 1161 1834 nomz'otzem.
1181 1801 1287 1836 Alter
1305 1809 1384 1837 erat
1401 1802 1461 1837 hic
1479 1803 1640 1851 hymnus

271 1856 390 1891 eidem
413 1858 581 1904 Apollini
611 1871 724 1904 sacer,
761 1859 829 1907 qui
861 1860 950 1896 olim
977 1860 1025 1895 ad
1058 1862 1308 1909 Amphrysum
1339 1875 1467 1911 greges
1492 1865 1641 1900 Admeti

271 1925 422 1962 paverat
441 1927 573 1969 :unaing
590 1927 718 1967 pastor
738 1928 808 1965 est;
831 1921 932 1956 unde
945 1921 1099 1956 nomion
1113 1923 1218 1970 quasi
1237 1924 1470 1970 pastoricius.
1491 1927 1639 1973 Legunt

270 1977 352 2022 alii,
373 1978 445 2013 hoc
472 1981 577 2025 loco3
597 1982 826 2025 munionem,
853 1995 921 2017 nec
942 1982 1037 2030 quid
1066 1983 1112 2018 sit
1140 1985 1324 2031 explicant
1348 1998 1356 2019 ε
1384 1985 1553 2020 divinant
1578 1987 1639 2021 alii

271 2038 574 2083 Munychionem,
610 2049 647 2077 et
679 2042 970 2089 interpretantur
996 2044 1177 2091 hymnum
1199 2044 1344 2090 Dianae,
1374 2058 1486 2093 quarn
1518 2047 1638 2082 Athe-

269 2097 412 2133 nienses
446 2101 533 2135 olim
564 2103 806 2147 Blunyclziam
838 2104 1086 2150 appellabant.
1112 2104 1186 2139 Alii
1215 2105 1488 2141 minurltionem
1515 2107 1636 2154 conji—

271 2157 386 2202 ciunt,
408 2167 449 2193 ut
468 2160 513 2194 sit
532 2162 676 2206 cantio,
699 2176 780 2209 quae
804 2163 877 2198 leni
903 2171 938 2199 et
962 2165 1170 2200 remissiore
1188 2178 1280 2200 voce
1304 2166 1446 2201 edatur.
1467 2168 1635 2215 Hymnos

270 2217 473 2265 ejusmodi,
510 2221 585 2256 sive
620 2235 815 2269 poecmem,
852 2224 926 2259 sive
965 2226 1195 2269 tzomc'onem‚
1229 2226 1374 2262 idoneis
1401 2228 1565 2264 numeris
1593 2242 1635 2264 ac

268 2279 389 2314 modis
425 2290 678 2327 comparatos,
708 2284 896 2320 habehant
928 2287 1105 2332 Graeculi,
1141 2287 1208 2334 qui
1237 2300 1368 2322 vocem
1401 2288 1633 2324 declamandi

269 2351 377 2374 causa
418 2339 632 2389 fingebant3
663 2356 726 2379 eos
762 2345 924 2382 citabant
959 2347 1110 2394 saepius,
1148 2355 1183 2383 et
1221 2348 1493 2384 exercitationis
1526 2362 1633 2385 causa

270 2401 479 2436 cantabant.
498 2404 631 2439 PRUST.

321 2461 406 2495 CAP.
432 2463 512 2497 LX.
545 2465 603 2499 Eo
637 2467 814 2502 tanlc'ores
840 2469 997 2503 tibicinis
1026 2471 1165 2505 modos.
1204 2470 1382 2506 Solebant
1408 2471 1631 2516 histriones,

272 2534 386 2567 quum
411 2523 661 2569 dicerent,vel
675 2536 844 2574 agerent,
866 2530 1042 2565 adhibere
1066 2531 1272 2577 tibicinem,
1303 2533 1349 2567 ad
1371 2532 1478 2578 cujus
1499 2534 1632 2568 modos

269 2592 395 2616 vorem
410 2592 625 2630 gestumque
640 2590 971 2627 accommodarent.
993 2593 1124 2640 Itaque
1144 2594 1315 2638 Roscius,
1337 2607 1452 2641 quum
1466 2594 1503 2629 in
1519 2607 1625 2630 sene—
