1843 3166
700 183 845 218 LIBER
875 185 940 218 111.
1429 182 1497 218 255

152 262 301 307 videtis
334 265 446 307 enim
483 275 522 308 et
550 265 954 326 «versutiloquas,»
991 276 1032 309 et
1067 277 1404 327 «expectorat,»
1446 284 1496 310 ex

147 344 451 404 conjunctione
478 345 587 389 facta
609 362 698 389 esse
730 347 887 402 verba,
914 363 1000 391 non
1025 356 1152 401 nata;
1182 347 1249 390 vel
1282 365 1389 408 saepe
1409 349 1500 392 sine

147 425 454 484 conjunctione
470 425 598 468 verba
624 435 853 482 novantur,
881 436 948 483 ut,
966 425 1069 470 «ille
1096 427 1294 482 senius,»
1320 429 1498 484 ut,«dii

148 504 374 563 genitales,
389 525 410 546 »
433 515 498 559 ut,
521 524 542 544 α
561 505 791 549 baccarum
820 505 1018 549 ubertate
1043 507 1394 550 incurvescere.»
1421 505 1437 536 θ’

209 586 380 629 Tertius
397 583 466 628 ille
480 585 632 629 modus
652 585 939 629 transferendi
966 587 1086 629 verbi
1110 585 1192 629 late
1208 594 1346 647 patet,
1374 602 1501 645 quem

149 666 377 710 necessitas
409 667 580 727 genuit,
615 667 761 726 inopia
792 676 941 710 coacta
978 676 1020 710 et
1045 667 1273 727 angustii53
1307 677 1403 727 post
1431 683 1505 710 au-

148 756 234 788 tem
259 744 486 789 delectatio
507 745 840 805 jucunditasque
877 744 1122 789 celebravit.
1162 747 1273 790 Nam
1300 755 1348 789 ut
1372 747 1504 790 vestis

149 826 318 885 frigoris
354 824 597 886 depellendi
636 842 763 869 causa
791 835 959 886 reperta
996 826 1161 885 primo,
1188 835 1285 886 post
1310 825 1503 869 adhiberi

149 915 288 965 coepta
313 915 377 949 est
401 905 454 948 ad
483 914 684 948 ornatum
709 906 838 949 etiam
860 906 1053 965 corporis
1078 915 1120 949 et
1140 905 1417 966 dignitatem:
1447 906 1505 949 sic

150 985 271 1028 verbi
299 984 521 1029 translatio
556 985 751 1029 instituta
783 995 846 1029 est
880 986 1035 1045 inopiae
1060 1002 1206 1038 causa,
1237 984 1506 1045 frequentata

151 1065 457 1110 delectationis.
495 1067 607 1111 Nam
640 1083 891 1128 «gemmare
929 1067 1053 1121 vites,
1090 1065 1303 1110 luxuriem
1340 1082 1429 1109 esse
1464 1067 1505 1109 in

151 1146 320 1201 herbis,
347 1145 462 1190 laetas
494 1163 582 1190 esse
611 1157 833 1207 segetes,»
859 1148 988 1190 etiam
1010 1147 1158 1190 rustici
1183 1146 1346 1190 dicunt.
1375 1146 1508 1202 Quod

151 1226 266 1269 enim
303 1225 509 1270 declarari
547 1228 618 1270 vix
655 1227 785 1270 verbo
823 1227 1001 1288 proprio
1032 1235 1192 1286 potest,
1229 1226 1272 1269 id
1302 1225 1508 1270 translato

152 1324 287 1367 quum
316 1317 380 1352 est
407 1306 596 1362 dictum,
622 1306 809 1351 illustrat
836 1307 901 1362 id,
934 1306 1051 1367 quod
1085 1306 1264 1367 intelligi
1289 1305 1509 1360 volumus,

152 1388 243 1447 ejus
269 1389 355 1444 rei,
378 1404 506 1448 quam
529 1387 668 1431 alieno
693 1387 824 1431 verbo
856 1387 1103 1447 posuimus,
1132 1385 1381 1429 similitudo.

215 1470 331 1528 Ergo
352 1468 415 1511 bae
433 1466 733 1511 translationes
752 1472 872 1526 quasi
891 1466 1182 1510 mutuationes
1201 1476 1323 1523 sunt,
1354 1483 1484 1526 quum
1501 1502 1511 1521 ,

154 1547 270 1608 quod
292 1564 380 1591 non
398 1548 576 1604 habeas,
606 1545 781 1590 aliunde
798 1562 955 1590 sumas.
970 1545 1059 1589 Illae
1073 1545 1220 1605 paullo
1235 1546 1511 1602 audaciores,

155 1644 249 1687 quae
274 1644 361 1671 non
388 1628 579 1686 inopiam
605 1625 821 1679 indicant,
859 1624 931 1668 sed
962 1625 1147 1668 orationi
1172 1624 1414 1685 splendoris
1439 1626 1515 1670 ali-

156 1706 263 1766 quid
285 1714 530 1750 arcessunt:
556 1719 741 1764 quarum
761 1720 860 1765 ego,
892 1703 995 1764 quid
1021 1704 1138 1748 vobis
1164 1714 1235 1748 aut
1266 1705 1512 1749 inveniendi

156 1788 389 1841 rationem,
412 1795 485 1829 aut
509 1801 665 1846 genera
690 1784 879 1845 ponam?

217 1869 425 1911 XXXIX.
448 1865 750 1910 Similitudinis
768 1875 830 1909 est
848 1865 902 1908 ad
929 1866 1110 1910 verbum
1133 1883 1269 1910 unum
1296 1877 1517 1911 contracta

156 1948 367 2002 brevitas,
396 1946 512 2007 quod
540 1947 719 1990 verbum
748 1947 793 1989 in
818 1945 957 1990 alieno
976 1945 1095 2003 loco,
1123 1957 1327 2008 tanquam
1347 1949 1391 1990 in
1416 1965 1515 2004 suo,

158 2029 372 2088 positum,
405 2028 440 2071 si
473 2028 738 2088 agnoscitur,
765 2025 968 2082 delectat3
996 2028 1029 2070 si
1066 2026 1204 2071 simile
1236 2027 1344 2071 nihil
1367 2028 1516 2084 habet,

158 2107 426 2168 repudiatur.
456 2108 539 2152 Sed
574 2124 621 2152 ea
647 2107 871 2151 transferri
904 2117 1099 2169 oportet,
1138 2124 1233 2167 quae
1259 2118 1333 2152 aut
1363 2107 1517 2152 clario-

159 2203 253 2232 rem
271 2186 436 2232 faciunt
461 2204 571 2245 rem,
597 2197 646 2232 ut
669 2186 742 2231 illa
767 2188 941 2231 omnia:

212 2328 687 2338 .............
716 2301 942 2336 Inhorrescit
958 2314 1077 2346 mare,

211 2363 392 2399 Tenebrae
409 2362 732 2410 conduplicantur,
752 2362 944 2410 noctisque
963 2370 999 2398 et
1013 2363 1183 2399 nimbum
1200 2371 1353 2400 occaecat
1370 2366 1520 2413 nigror3

213 2425 375 2460 Flamma
395 2424 492 2458 inter
509 2423 627 2458 nubes
647 2430 832 2467 coruscat,
856 2424 988 2458 coelum
1004 2425 1146 2459 tonitru
1161 2426 1378 2470 contremit,

213 2486 366 2520 Grando
387 2485 501 2520 mixta
521 2484 632 2520 imbri
652 2484 822 2532 largifluo
845 2485 963 2519 subita
982 2486 1215 2532 praecipitans
1233 2486 1331 2521 cadit
1343 2500 1352 2530 ;

214 2547 387 2593 Undique
407 2558 534 2581 omnes
555 2546 657 2580 venti
679 2553 896 2593 erumpunt,
920 2546 1005 2580 saevi
1024 2547 1201 2582 exsistunt
1218 2547 1406 2591 turbines,

215 2607 338 2644 Fervit
352 2613 437 2642 aestu
455 2607 606 2654 pelagus
624 2620 632 2640 :
