1843 3166
697 204 701 209 ·
724 191 864 224 LIBER
895 191 939 224 ῙῘ.
1432 188 1491 226 1'41

155 274 386 334 adjungas,
409 284 565 334 puncta
585 282 935 332 argumentorum
956 271 1206 331 plerumque
1235 279 1281 312 ut
1296 268 1466 312 occulas
1487 303 1497 323 ,

155 355 318 413 nequis
341 370 387 397 ea
414 368 637 396 numerare
663 352 820 410 possit,
847 360 893 393 ut
920 366 964 393 re
987 349 1326 408 distinguantur,
1355 347 1496 390 verbis

155 432 330 475 confusa
351 448 440 475 esse
466 430 706 474 videantur.

216 514 348 554 XLII.
384 514 480 554 Haec
504 519 550 553 ut
571 520 612 553 et
635 525 890 570 properanS,
917 518 959 552 et
980 507 1094 568 apud
1118 506 1284 559 doctos,
1314 515 1356 548 et
1377 505 1499 547 semi-

154 590 304 633 doctus
334 591 422 649 ipse
452 605 680 649 percurro,
720 598 768 631 ut
799 587 1030 647 aliquando
1055 586 1106 630 ad
1138 585 1208 629 illa
1243 586 1404 644 majora
1428 600 1498 627 ve-

156 670 333 712 niamus.
354 667 471 712 Nihil
486 678 550 712 est
575 670 688 711 enim
710 668 754 710 in
770 666 968 721 dicendo,
992 665 1170 716 Catule,
1191 665 1347 724 majus,
1370 679 1498 723 quam

157 757 202 790 ut
223 747 362 790 faveat
381 748 541 790 oratori
558 748 611 802 is,
635 748 707 806 qui
731 746 896 800 audiet,
920 755 1051 804 utque
1074 746 1164 804 ipse
1182 745 1242 787 sic
1259 752 1496 791 moveatur,

156 836 202 870 ut
227 828 388 887 impetu
412 826 598 885 quodam
626 826 757 868 animi
785 835 825 868 et
848 824 1167 884 perturbatione
1188 823 1349 883 magis,
1373 838 1497 881 quam

151 907 335 965 judicio,
362 916 436 949 aut
450 904 627 949 consilio
639 939 650 961 ,
676 914 860 965 regatur.
879 903 1007 947 Plura
1023 904 1135 946 enim
1151 902 1287 946 multo
1304 903 1498 945 homines

150 986 344 1044 judicant
366 986 485 1039 odio,
509 994 581 1028 aut
605 1000 773 1037 amore,
793 993 866 1027 aut
883 982 1134 1043 cupiditate,
1163 991 1234 1024 aut
1251 981 1468 1024 iracundia
1485 1014 1495 1033 ,

156 1075 231 1107 aut
257 1063 424 1120 dolore,
454 1074 527 1107 aut
548 1063 713 1117 laetitia,
737 1073 809 1106 aut
829 1078 925 1121 spe,
948 1071 1023 1104 aut
1036 1062 1212 1115 timore,
1234 1070 1308 1103 aut
1331 1076 1473 1103 errore
1488 1094 1498 1113 ‚

154 1154 227 1187 aut
249 1143 389 1203 aliqua
413 1144 679 1204 permotione
703 1143 858 1185 mentis
873 1175 884 1196 ,
912 1157 1040 1200 quam
1067 1141 1270 1194 veritate,
1294 1149 1368 1183 aut
1391 1156 1499 1199 prae-

155 1225 333 1283 scripto,
356 1232 430 1266 aut
449 1223 558 1282 juris
582 1238 734 1265 norma
754 1221 915 1280 aliqua,
940 1220 1179 1280 autjudicii
1204 1218 1406 1273 formula,
1427 1229 1500 1261 aut

157 1302 331 1363 legibus.
350 1304 518 1359 Quare,
543 1302 622 1345 nisi
641 1300 744 1360 quid
768 1301 886 1342 vobis
910 1298 1027 1342 aliud
1050 1297 1208 1358 placet,
1237 1297 1290 1340 ad
1312 1297 1496 1357 illaper-

158 1398 318 1441 gamus.

217 1459 487 1504 —Paullum
500 1496 511 1514 ,
527 1462 665 1520 inquit
682 1460 876 1516 Catulus,
895 1462 1024 1503 etiam
1038 1475 1154 1502 nunc
1171 1458 1315 1502 deesse
1334 1457 1501 1501 videtur

155 1541 205 1583 iis
236 1540 380 1595 rebus,
420 1541 610 1593 Antoni,
645 1556 750 1599 quas
785 1540 1040 1600 exposuisti,
1069 1538 1187 1598 quod
1218 1539 1272 1581 sit
1295 1538 1372 1580 tibi
1399 1546 1497 1579 ante

155 1617 477 1679 explicandum,
510 1636 639 1678 quam
674 1618 775 1662 illuc
802 1618 1093 1678 proficiscare,
1118 1633 1205 1676 quo
1233 1626 1274 1659 te
1304 1616 1408 1659 dicis
1435 1617 1500 1658 in—

157 1697 344 1741 tendere.
364 1725 426 1731 —
444 1697 698 1754 Quidnam?
724 1698 875 1757 inquit.
897 1724 959 1729 --
976 1697 1066 1752 Qui
1087 1696 1194 1739 ordo
1212 1696 1289 1738 tibi
1310 1694 1501 1755 placeat,

158 1778 299 1836 inquit
312 1776 490 1821 Catulus
503 1812 514 1831 ,
535 1787 576 1820 et
595 1793 687 1837 quae
705 1776 926 1836 dispositio
946 1784 1300 1837 argumentorum
1315 1809 1326 1829 ,
1351 1774 1393 1816 in
1419 1789 1504 1833 qua

157 1866 204 1899 tu
233 1857 338 1899 mihi
366 1873 533 1917 semper
559 1856 662 1899 deus
682 1855 816 1899 videri
847 1855 969 1899 soles.

219 1963 281 1968 —
292 1935 401 1979 Vide
414 1952 541 1996 quam
557 1936 636 1979 sim
655 1937 698 1978 in
715 1936 795 1978 isto
810 1951 984 1995 genere,
1004 1935 1162 1994 inquit,
1179 1932 1331 1978 Catule
1347 1967 1358 1989 ,
1374 1933 1501 1976 deus:

156 2032 242 2059 non
257 2014 498 2059 mehercule
511 2015 641 2070 mihi,
662 2015 742 2057 nisi
759 2014 1005 2070 admonito,
1031 2015 1215 2056 venisset
1233 2014 1277 2056 in
1290 2023 1475 2056 mentem
1495 2029 1502 2054 :

160 2105 206 2138 ut
227 2095 361 2155 possis
385 2095 653 2151 existimare,
684 2110 751 2137 me
776 2096 819 2137 in
845 2111 916 2150 ea,
941 2094 986 2136 in
1010 2094 1167 2153 quibus
1188 2109 1499 2153 nonnunquam

158 2174 321 2235 aliquid
345 2174 509 2218 efficere
535 2175 695 2229 videor,
724 2191 803 2218 usu
834 2174 969 2218 solere
1001 2176 1045 2217 in
1071 2174 1273 2230 dicendo,
1301 2173 1367 2218 vel
1404 2190 1503 2217 casu

157 2255 299 2315 potius
317 2254 549 2297 incurrere.
566 2257 626 2298 Ac
641 2271 708 2298 res
723 2253 895 2314 quidem
910 2254 1010 2309 ista,
1031 2270 1160 2313 quam
1176 2271 1254 2314 ego
1267 2288 1278 2310 ,
1303 2254 1404 2313 quia
1416 2271 1504 2297 non

157 2350 328 2387 noram,
354 2333 439 2387 sic,
467 2341 672 2392 tanquam
704 2334 898 2394 ignotum
932 2332 1175 2388 hominem,
1206 2334 1477 2393 praeteribam
1496 2367 1506 2387 ‚

157 2422 324 2456 tantum
346 2420 485 2471 potest
510 2412 553 2454 in
585 2411 790 2468 dicendo,
813 2421 860 2455 ut
887 2411 941 2455 ad
969 2412 1227 2456 vincendum
1259 2411 1376 2457 nulla
1408 2412 1504 2473 plus

158 2493 304 2552 possit.

221 2569 304 2613 Sed
325 2579 464 2614 tamen
481 2570 583 2614 mihi
605 2570 758 2614 videris
779 2579 877 2613 ante
895 2580 1064 2631 tempus
1084 2588 1187 2615 ame
1203 2573 1411 2615 rationem
1433 2586 1504 2613 or-
