1843 3166
772 227 916 262 LIBER
946 228 992 261 11.
1489 245 1555 267 101

192 307 233 350 in
258 307 470 353 divisione
488 310 700 369 partium,
717 327 857 370 neque
877 321 1044 355 certum
1067 322 1381 372 praeceptorum
1403 332 1560 376 genus,

191 398 234 431 ct
256 389 423 450 agenda
446 400 547 434 sunt
571 407 659 434 non
683 392 826 434 minus
850 391 1029 448 diserte,
1056 409 1186 452 quam
1210 409 1306 453 quae
1329 395 1372 437 in
1396 394 1470 439 lite
1494 396 1560 439 di-

191 481 366 523 cuntur,
386 471 654 532 objurgatiO,
674 472 940 528 cohortatio,
959 471 1224 516 consolatio:
1245 490 1431 532 quorum
1454 475 1560 518 nihil

190 560 273 607 est,
302 550 419 610 quod
442 567 529 594 non
555 568 726 594 summa
749 551 922 595 dicendi
946 563 1205 596 ornamenta
1226 553 1464 610 desitleret3
1487 557 1561 599 sed

190 648 241 674 ex
272 631 457 675 artificio
489 648 556 675 res
594 633 684 676 istae
717 643 931 693 praecepta
968 651 1055 677 non
1088 635 1561 694 quaerunt.——Plane,

191 712 332 771 inquit
353 711 555 769 Catulus,
579 715 803 758 assentior.

251 795 416 854 —Age
452 810 575 851 vero,
620 795 764 854 inquit
804 797 1046 852 Antonius,
1090 796 1229 857 qualis
1268 799 1477 854 oratoris,
1521 808 1563 842 et

190 875 342 933 quanti
367 875 557 918 hominis
582 876 627 918 in
655 875 860 933 dicendo,
899 886 1025 937 putas
1053 893 1168 933 esse,
1204 878 1433 922 historiam
1456 880 1557 922 scri-

188 954 479 1012 bereP—Si,
516 966 566 1000 ut
590 956 734 1001 Graeci
762 957 1052 1018 scripserunt,
1086 959 1270 1015 summi,
1307 960 1452 1019 inquit
1480 962 1563 1004 Ca-

190 1034 331 1090 tulus;
359 1038 393 1080 si
417 1047 465 1080 ut
487 1039 649 1093 nostri,
671 1037 779 1081 nihil
800 1054 909 1098 opus
933 1048 997 1082 est
1017 1049 1190 1083 oratore
1212 1056 1220 1082 :
1249 1040 1352 1083 satis
1371 1049 1451 1096 est,
1473 1056 1563 1083 non

189 1132 280 1160 esse
300 1117 570 1162 mendacem.
585 1146 648 1151 —
663 1121 820 1179 Atqui,
845 1136 900 1163 ne
925 1130 1100 1164 nostros
1123 1130 1398 1176 contemnas,
1420 1121 1565 1180 inquit

191 1200 428 1257 Antonius,
453 1201 597 1245 Graeci
621 1218 795 1261 quoque
821 1202 880 1245 sic
903 1201 1029 1245 initio
1052 1202 1376 1261 scriptitarunt,
1401 1211 1450 1245 ut
1469 1217 1564 1244 nos-

191 1288 256 1322 ter
281 1283 411 1335 Cato,
440 1292 490 1325 ut
511 1283 674 1338 Pictor,
700 1293 748 1326 ut
767 1283 879 1327 Piso.

254 1363 360 1405 Erat
388 1364 502 1406 enim
527 1363 710 1407 historia
736 1362 844 1407 nihil
869 1363 1013 1420 aliud,
1043 1363 1127 1407 nisi
1152 1362 1375 1407 annalium
1400 1362 1566 1406 consec-

190 1442 283 1485 tio:
320 1442 444 1503 cujus
467 1444 553 1500 rei,
591 1444 899 1504 memoriaeque
927 1442 1113 1504 publicae
1144 1444 1379 1488 retinendae
1411 1460 1565 1498 causa,

189 1523 242 1566 ab
268 1523 392 1567 initio
417 1540 563 1567 rerum
589 1541 872 1569 romanarum
896 1541 1034 1584 usque
1056 1525 1111 1568 ad
1132 1527 1179 1569 P.
1203 1526 1427 1581 Mucium,
1453 1541 1565 1585 pon-

191 1601 348 1646 tificem
367 1604 630 1659 maximum,
659 1621 727 1647 res
748 1621 900 1648 omnes
917 1604 1192 1664 singulorum
1211 1621 1426 1648 annorum
1444 1621 1565 1648 man-

189 1683 320 1727 dabat
335 1683 489 1727 litteris
504 1683 698 1744 pontifex
713 1685 949 1741 maximus,
969 1684 1262 1744 offerebatque
1277 1685 1319 1728 in
1337 1684 1506 1742 album,
1523 1694 1565 1728 et

191 1764 464 1824 proponebat
476 1763 669 1808 tabulam
683 1764 799 1808 domi
813 1799 823 1821 ,
838 1775 1028 1825 potestas
1040 1775 1088 1809 ut
1103 1775 1211 1809 esset
1228 1765 1393 1826 populo
1405 1782 1565 1827 cogno-

189 1844 363 1900 scendi3
394 1845 447 1900 ii,
474 1845 549 1904 qui
572 1846 703 1888 etiam
729 1862 846 1889 nune
872 1844 1047 1889 annales
1069 1847 1245 1889 maximi
1263 1848 1561 1891 nominantur.

250 1928 375 1969 Hanc
403 1925 734 1970 similitudinem
765 1925 982 1969 scribendi
1013 1926 1140 1970 multi
1173 1928 1307 1970 secuti
1337 1937 1458 1984 sunt,
1488 1929 1563 1987 qui

190 2008 282 2050 sine
304 2005 402 2050 ullis
429 2008 697 2051 ornamentis
719 2016 1005 2050 monumenta
1030 2006 1171 2051 solum
1193 2018 1463 2068 temporum,
1488 2009 1565 2052 ho-

190 2089 382 2145 minum,
411 2087 634 2142 locorum,
662 2098 971 2149 gestarumque
994 2103 1141 2131 rerum
1166 2087 1451 2148 reliquerunt.
1482 2091 1565 2132 Ita-

191 2186 276 2228 que
305 2168 443 2229 qualis
469 2169 587 2229 apud
617 2170 793 2213 Graecos
822 2169 1114 2230 Pherecydes,
1152 2168 1421 2226 Hellanicus,
1455 2171 1566 2214 Acu-

192 2249 291 2294 silas
315 2250 418 2306 fuit,
448 2250 609 2310 aliique
629 2248 861 2310 permulti,
890 2248 987 2293 talis
1011 2260 1160 2293 noster
1182 2252 1313 2305 Cato,
1341 2259 1382 2293 et
1401 2250 1562 2306 Pictor,

191 2342 233 2375 et
251 2333 374 2388 Piso,
403 2331 476 2391 qui
500 2347 640 2391 neque
664 2340 838 2387 tenent,
873 2330 1030 2389 quibus
1056 2331 1186 2373 rebus
1215 2340 1399 2373 ornatur
1426 2330 1564 2373 oratio

191 2413 341 2473 (modo
361 2414 476 2456 enim
500 2412 586 2456 huc
611 2414 692 2456 ista
718 2421 819 2455 sunt
841 2409 1113 2471 importata),
1136 2421 1197 2467 et,
1223 2410 1326 2453 dum
1348 2409 1563 2470 intelliga-

194 2504 279 2550 tur,
303 2494 409 2554 quid
430 2494 600 2550 dicant,
631 2510 764 2537 unam
789 2492 960 2536 dicendi
985 2492 1157 2536 laudem
1181 2501 1336 2553 putant
1358 2508 1448 2535 esse
1468 2492 1565 2534 hre-

194 2577 384 2620 vitatem.

258 2656 505 2701 Paulluluxn
550 2674 594 2700 se
636 2657 796 2711 erexit,
842 2667 883 2700 et
922 2656 1090 2700 addidit
1130 2655 1319 2698 historiae
1359 2652 1565 2711 majorem
