1843 3166
678 221 821 255 LIBER
852 221 916 255 111.
1402 222 1471 257 213

119 304 221 347 tiam
251 303 457 348 illustrem
488 305 577 346 sine
608 302 703 346 luce
732 304 977 346 verborum.
1016 303 1096 346 Sed
1123 305 1371 364 priusquam
1401 305 1471 349 illa

119 399 255 426 conor
276 383 509 443 attingere,
537 381 693 441 quibus
720 382 961 425 orationem
989 383 1132 425 ornari
1160 392 1288 441 atque
1316 382 1474 427 illumi-

121 462 210 505 nari
237 472 405 522 putem,
440 477 682 521 proponam
714 461 916 515 breviter,
955 461 1059 521 quid
1092 463 1271 505 sentiam
1297 462 1350 504 de
1380 465 1473 506 uni-

120 557 240 584 verso
264 558 419 602 genere
443 540 626 583 dicendi.

182 622 278 664 vll.
315 621 482 664 Natura
499 618 618 664 nulla
637 630 725 675 est,
756 631 801 664 ut
826 621 931 664 mihi
959 621 1144 675 videtur,
1171 638 1265 680 quae
1289 638 1375 664 non
1401 622 1475 664 ha-

119 701 214 744 beat
247 701 291 743 in
321 717 399 744 suo
431 717 586 760 genere
620 717 686 744 res
720 699 966 761 complures
1002 700 1229 744 dissimiles
1262 702 1374 744 inter
1403 717 1474 756 se,

117 796 210 839 quae
240 790 382 824 tamen
408 780 619 824 consimili
653 779 779 824 laude
807 781 1051 840 dignentur.
1092 782 1203 825 Nam
1229 790 1270 824 et
1299 781 1475 824 auribus

118 859 252 903 multa
282 861 563 920 percipimus,
591 877 706 919 quae,
740 861 819 903 etsi
847 876 924 902 nos
950 860 1125 903 vocibus
1147 860 1384 916 delectant,
1413 871 1475 904 ta-

117 956 214 982 men
234 941 293 982 ita
315 950 416 983 sunt
441 941 554 983 varia
572 956 705 999 saepe,
737 949 780 982 ut
803 938 843 981 id
858 974 869 994 ,
898 939 1014 998 quod
1037 940 1284 999 proximum
1304 940 1474 994 audias,

113 1020 476 1079 jucundissimum
500 1037 591 1064 esse
614 1019 836 1073 videatur3
857 1029 899 1063 et
919 1019 1053 1063 oculis
1071 1019 1337 1080 colliguntur
1356 1037 1475 1081 paene

117 1099 452 1144 innumerabiles
471 1100 733 1161 voluptates,
762 1118 857 1160 quae
878 1117 954 1143 nos
974 1100 1032 1143 ita
1049 1101 1248 1160 capiunt,
1272 1110 1316 1144 ut
1339 1117 1473 1144 unum

117 1195 289 1222 sensum
313 1179 507 1224 dissimili
523 1197 678 1241 genere
693 1179 932 1234 delectent,
958 1190 998 1223 et
1020 1178 1208 1240 reliquos
1228 1196 1377 1223 sensus
1399 1197 1474 1223 vo·

116 1258 300 1319 luptates
324 1259 543 1304 oblectant
568 1260 760 1321 dispares
777 1296 788 1315 ,
819 1270 863 1304 ut
891 1261 944 1303 sit
969 1259 1142 1304 difficile
1163 1260 1373 1320 judicium
1399 1278 1472 1304 ex·

115 1338 307 1382 cellentis
332 1342 515 1384 maxime
538 1343 775 1384 suavitatis.

178 1421 236 1461 At
263 1419 346 1462 hoc
371 1419 511 1473 idem,
545 1420 662 1480 quod
692 1431 754 1463 est
786 1422 827 1464 in
860 1422 1026 1463 naturis
1056 1437 1222 1474 rerum,
1253 1420 1475 1463 transferri

115 1510 255 1560 potest
278 1503 406 1544 etiam
431 1502 485 1545 ad
505 1513 629 1546 artes.
658 1505 758 1547 Una
781 1503 970 1564 fingendi
992 1513 1054 1546 est
1077 1520 1166 1558 ars,
1198 1503 1241 1545 in
1265 1519 1347 1562 qua
1377 1519 1477 1562 prae-

115 1590 276 1624 stantes
296 1580 474 1625 fuerunt
499 1585 648 1643 Myro,
677 1581 942 1642 Polycletus,
967 1584 1203 1642 Lysippus,
1228 1583 1302 1642 qui
1323 1599 1473 1625 omnes

115 1662 226 1704 inter
247 1678 291 1704 se
316 1661 544 1705 dissimiles
571 1662 769 1718 fuerunt3
808 1661 880 1705 sed
904 1662 962 1705 ita
988 1671 1155 1717 tamen,
1191 1672 1235 1705 ut
1258 1662 1472 1705 neminem

113 1743 176 1784 sui
208 1740 310 1784 velis
340 1757 428 1784 esse
455 1740 719 1785 dissimilem.
747 1744 845 1786 Una
867 1752 931 1800 est
953 1758 1020 1784 ars
1047 1742 1244 1801 ratioque
1272 1743 1475 1801 picturae,

113 1820 472 1881 dissimillimique
529 1831 667 1864 tamen
714 1823 825 1865 inter
871 1838 914 1864 se
960 1822 1135 1877 Zeuxis,
1186 1820 1473 1882 Aglaophon,

115 1901 314 1962 Apelle53
352 1919 493 1962 neque
517 1919 666 1946 eorum
693 1903 923 1962 quisquam
952 1912 1040 1957 est,
1070 1903 1138 1946 cui
1165 1902 1402 1962 quidquam
1432 1903 1473 1945 in

114 1992 205 2027 arte
231 1999 307 2027 sua
332 1983 476 2027 deesse
503 1983 710 2027 videatur.
752 1986 832 2037 Et,
869 1985 902 2026 si
927 1984 1008 2027 hoc
1037 1985 1080 2026 in
1105 1983 1170 2026 his
1197 1984 1320 2042 quasi
1346 1984 1476 2025 mutis

114 2064 276 2107 artibus
302 2074 361 2107 est
394 2065 662 2119 mirandum,
691 2074 732 2107 et
758 2076 900 2107 tamen
926 2080 1104 2119 verum,
1148 2072 1311 2122 quanto
1341 2062 1477 2106 admi-

115 2142 292 2187 rabilius
311 2145 354 2187 in
375 2145 572 2188 oratione
591 2154 720 2205 atque
740 2146 782 2187 in
801 2143 976 2204 lingua?
995 2160 1090 2203 quae
1107 2159 1242 2202 quum
1263 2144 1306 2186 in
1326 2142 1474 2186 iisdem

115 2225 336 2268 sententiis
362 2224 585 2285 verbisque
609 2234 819 2280 versetur,
843 2240 1032 2268 summas
1055 2224 1186 2267 habet
1209 2222 1477 2267 dissimilitu-

115 2304 264 2361 dines;
289 2321 374 2348 non
398 2305 481 2361 sic,
506 2314 555 2349 ut
575 2303 647 2349 alii
674 2304 945 2365 vituperandi
973 2305 1083 2360 sint,
1113 2303 1186 2347 sed
1212 2312 1257 2346 ut
1283 2302 1341 2358 ii,
1370 2318 1478 2362 quos

115 2394 280 2429 constet
313 2401 403 2429 esse
436 2383 699 2441 laudandos,
738 2386 781 2427 in
817 2384 977 2444 dispari
1017 2393 1159 2427 tamen
1191 2398 1347 2443 genere
1384 2380 1475 2425 lau-

117 2464 284 2509 dentur.

181 2547 319 2605 Atque
359 2546 401 2588 id
441 2547 629 2605 primum
665 2547 707 2590 in
749 2547 885 2606 poetis
925 2547 1042 2589 cerni
1080 2544 1201 2600 licet,
1230 2542 1385 2602 quibus
1414 2549 1477 2583 est

119 2626 310 2685 proxima
336 2627 537 2686 cognatio
567 2643 664 2670 curn
691 2627 960 2681 oratoribus,
986 2641 1117 2686 quam
1143 2626 1224 2668 sint
1252 2624 1362 2664 inter
1391 2634 1478 2662 sese
