1843 3166
611 208 1005 243 ADNOTATIONES.
1411 212 1428 246 3
1435 225 1453 245 ·).
1461 211 1480 245 3

135 287 203 309 nus
230 274 410 319 intulisse,
435 277 637 320 Teucrum,
664 275 727 322 qui
748 275 869 310 fratris
888 288 1014 311 necem
1037 277 1133 311 ultus
1161 289 1234 311 non
1262 276 1398 323 fuerat,
1420 291 1483 314 re·-

133 348 277 371 versum
297 335 413 381 ejecit.
439 337 570 370 Pnusr.

186 397 272 433 Cap.
292 398 447 432 XLVII.
475 396 605 431 Sodali
634 405 671 430 et
694 404 873 444 quaeestore
891 410 983 432 meo.
1004 399 1170 444 Uterque
1197 400 1344 435 Memm.
1359 427 1368 444 ‚
1390 413 1479 435 nec-

133 470 209 491 non
228 457 320 492 Pith.
333 485 342 502 ,
363 464 397 492 et
418 458 437 492 3
463 457 548 492 Pall.
569 458 694 491 sodali
713 470 792 492 meo
806 484 816 499 ,
845 459 998 493 exclusis
1023 457 1267 503 intermediis,
1294 473 1361 495 nec
1382 461 1477 495 desi*

133 518 268 553 derem.
290 521 408 553 Gmrr.
431 538 481 544 —
501 517 570 552 Hic
597 525 673 552 erat
694 519 893 554 Norbanus
916 531 1086 554 accusans
1108 519 1234 553 Servil.
1262 521 1478 566 Caepionem.

133 579 206 623 Qui
236 579 358 626 Caepio
389 579 516 614 consul
540 578 660 614 fuerat
688 591 718 613 a.
738 580 783 614 U.
808 581 846 614 C.
871 580 962 625 674,
985 592 1157 626 annoque
1177 580 1250 622 648
1279 593 1298 616 a
1326 581 1481 616 Cimbris

130 639 248 675 victus
267 652 349 674 cum
379 638 520 687 ingenti
546 640 738 675 hominum
763 646 894 687 strage.
922 640 966 675 Ei
993 640 1121 675 reduci
1147 652 1166 674 a
1193 642 1335 687 populo
1362 642 1482 675 honos

130 701 413 744 proconsulatus
436 700 620 736 detractus
646 708 710 736 est.
735 702 871 736 Decem
891 701 992 736 annis
1019 708 1104 748 post
1130 701 1262 736 iterum
1293 708 1481 737 accusatus

129 759 198 793 fuit
227 772 247 794 a
274 761 451 795 Norbano
479 760 653 806 tribuno,
681 761 744 796 sed
770 773 791 796 a
823 761 985 807 patriciis
1012 761 1182 796 omnibus
1213 761 1383 797 defensus
1410 768 1479 805 est,

131 832 225 866 quos
259 821 328 856 sihi
354 822 567 856 conciliarat
600 822 679 868 lege
706 823 778 856 lata
806 821 852 856 de
874 822 1042 868 judiciis,
1073 835 1147 869 qua
1174 823 1234 868 jus
1265 822 1478 868 judicandi,

130 881 235 927 quod
262 881 337 927 jam
366 882 430 917 diu
457 883 542 917 solis
563 883 750 929 equitibus
772 883 953 918 tributum
981 890 1078 927 erat,
1107 896 1190 917 curn
1213 890 1339 917 senatu
1373 895 1477 917 com—

127 942 394 976 municabatur.
414 943 504 988 Ejus
528 955 671 977 causam
693 944 841 978 Crassus
861 943 998 988 oravit,
1019 943 1170 990 duoque
1189 943 1328 977 tribuni
1348 943 1478 977 Didius

126 1009 162 1035 et
181 1003 288 1037 Cotta
306 1003 378 1050 legi
391 1003 538 1050 collegae
555 1002 614 1037 hic
637 1003 868 1038 obstiterunt.
891 1005 985 1037 Tum
1004 1004 1202 1038 Norbanus
1221 1005 1329 1038 talem
1349 1003 1476 1037 defen*⁴

125 1062 286 1106 sionem,
312 1063 382 1097 nisi
399 1063 455 1107 vi,
480 1075 557 1098 non
578 1075 685 1109 posse
705 1064 869 1110 superari
896 1064 1075 1108 sentiens,
1090 1065 1309 1111 popularem
1331 1064 1476 1099 turbam

126 1123 308 1159 excitavit.
337 1124 503 1171 Ideoque
531 1136 550 1159 a
576 1124 739 1171 Sulpicio
767 1124 805 1158 in
829 1124 1009 1171 judicium
1033 1133 1204 1170 vocatus,
1239 1125 1285 1159 ab
1314 1125 1476 1159 Antonio

126 1184 295 1220 defensus
318 1192 370 1220 est
383 1212 392 1229 ,
412 1193 448 1220 et
467 1186 667 1221 absolutus.
695 1187 793 1220 LEM.

182 1245 229 1280 Vi
241 1248 388 1293 pulsum
411 1258 458 1281 ex
484 1248 618 1293 templo
638 1248 679 1280 L.
705 1246 858 1281 Cottam.
883 1247 912 1282 E
937 1246 1128 1286 tribunali.
1154 1247 1251 1281 unde
1279 1244 1474 1281 conciones

122 1305 357 1341 haberentur.
377 1307 473 1341 Vide
494 1307 637 1342 Clavem
663 1307 700 1342 in
719 1308 786 1342 hac
804 1319 905 1342 voce.
927 1308 1021 1342 Em.

177 1367 262 1401 Cn.
284 1368 421 1402 XLIX.
447 1368 495 1401 Ut
521 1369 568 1402 de
598 1370 676 1415 lege
694 1369 863 1414 Apuleia.
894 1369 971 1402 Lex
994 1368 1190 1413 majestatis
1208 1368 1280 1401 lata
1309 1379 1342 1401 a.
1361 1367 1406 1401 U.
1435 1367 1473 1399 C.

125 1425 193 1461 651
208 1455 217 1471 ‚
237 1439 256 1462 a
276 1428 427 1463 tribuno
450 1428 610 1475 Apuleio
629 1429 842 1463 Saturnino.

178 1488 264 1523 cap,
284 1489 383 1523 LIII.
403 1489 536 1523 Exitus
558 1496 680 1523 tamen
703 1490 825 1535 spissi.
845 1488 902 1522 De
918 1488 987 1521 hac
1014 1499 1104 1523 voce
1127 1487 1212 1522 vide
1237 1487 1391 1522 Clavem.
1420 1487 1474 1520 Ex

122 1548 362 1594 sequentibus
382 1548 523 1595 liquide
548 1555 650 1594 patet
667 1548 777 1593 hujus
795 1548 982 1582 sententiae
1001 1560 1125 1582 sensus
1138 1575 1147 1591 ‚
1167 1547 1322 1590 scilicet,
1346 1553 1473 1580 orato—

124 1619 202 1642 rem
235 1620 312 1642 non
340 1615 486 1654 aperte,
515 1608 578 1642 sed
604 1608 709 1653 quasi
735 1619 803 1653 per
832 1606 1026 1641 circuitum
1049 1607 1222 1641 accedere
1255 1606 1390 1640 debere
1425 1605 1471 1639 ad

122 1668 193 1702 hoc
212 1680 326 1714 genus
347 1667 543 1710 orationi53
563 1673 740 1712 attamen,
762 1680 877 1714 quum
897 1667 1018 1702 locum
1044 1667 1179 1714 tetigit,
1197 1665 1236 1700 in
1255 1678 1298 1700 eo
1318 1666 1471 1708 haerere,

121 1735 156 1762 et
175 1740 211 1762 se
234 1727 430 1762 extendere
453 1727 597 1762 debere.
611 1728 705 1762 Lm.

177 1788 374 1822 Contrariis
393 1788 686 1822 commotionibus
704 1786 894 1832 inferenda
918 1796 1007 1823 sunt.
1029 1786 1194 1822 Verbum
1216 1785 1351 1831 inferre
1375 1797 1469 1819 sem-

121 1861 188 1895 per
206 1849 306 1895 apud
329 1848 544 1884 Ciceronem
563 1848 766 1896 opponitur
788 1849 840 1883 illi
860 1849 996 1894 verbo,
1016 1848 1120 1896 quod
1139 1847 1253 1894 magis
1279 1846 1364 1881 huic
1387 1847 1470 1880 loco

123 1910 311 1954 convenit,
329 1910 486 1953 diluere,
507 1910 582 1945 sive
592 1911 829 1957 propulsare.
854 1910 975 1944 Invito
996 1909 1120 1956 igitur,
1139 1915 1180 1942 ut
1200 1908 1344 1954 opinor,
1364 1919 1471 1941 sensu

121 1972 196 2005 haec
214 1971 323 2005 lectio
347 1971 536 2006 retinetur.
560 1972 649 2005 Vult
677 1970 772 2004 enim
799 1971 927 2005 Cicero
952 1969 1155 2019 significare
1176 1969 1327 2003 affectus
1346 1980 1470 2002 omnes

123 2031 313 2066 contrariis
342 2031 534 2067 affectibus
568 2030 767 2075 tollendos,
797 2031 1040 2075 amovendos,
1076 2029 1312 2078 frangendos,
1350 2028 1471 2062 immi-

124 2091 292 2126 nuendos
302 2104 390 2127 esse.
411 2092 532 2126 Placet
550 2091 663 2139 igitur
679 2091 890 2136 conjectura
910 2093 966 2126 Jo.
986 2091 1169 2135 Waffieri,
1189 2089 1253 2136 qui
1266 2095 1387 2124 censet
1407 2087 1470 2122 Ci—

123 2164 294 2187 ceronem
318 2152 368 2187 sic
398 2152 582 2199 scripsisse
611 2165 619 2186 :
653 2168 667 2183 ι(
691 2152 883 2187 contrariis
914 2151 1225 2187 commotionibus
1251 2148 1471 2184 infirmanda

122 2219 217 2248 sunt.
238 2228 253 2244 »
271 2213 414 2259 Nempe
432 2213 589 2247 verbum
608 2214 755 2247 tollatur
773 2212 856 2247 satis
874 2225 942 2247 nos
960 2213 1089 2256 docet,
1110 2211 1203 2259 quid
1225 2210 1313 2245 velit
1330 2209 1470 2244 Cicero.

123 2274 183 2310 Sic
202 2274 311 2309 etiam
335 2274 374 2308 in
399 2275 551 2309 Oratore
576 2288 588 2308 :
613 2276 841 2320 «Quumque
861 2273 1001 2308 animos
1027 2274 1066 2308 in
1092 2273 1209 2320 prima
1240 2269 1469 2319 aggressione

123 2334 377 2382 occupaverit,
396 2333 614 2380 infirmabit,
633 2335 878 2381 excludetque
895 2334 1119 2369 contraria.»
1140 2332 1214 2369 Sed
1233 2339 1268 2367 et
1296 2332 1360 2365 has
1380 2330 1470 2365 duas

122 2407 230 2430 voces
246 2407 338 2442 saepe
359 2395 487 2430 Cicero
513 2396 724 2445 conjungit,
748 2396 810 2430 lib.
831 2407 883 2440 11,
903 2396 948 2429 de
966 2396 1109 2430 Natura
1131 2395 1279 2428 deorum
1304 2405 1316 2426 .·
1335 2408 1350 2423 «
1365 2393 1470 2436 Quae,

123 2467 189 2491 vos
229 2455 448 2500 academici,
478 2454 688 2502 infirmatis,
727 2463 762 2491 et
797 2455 940 2500 tollitis3
962 2470 977 2487 »
1009 2462 1061 2500 et,
1099 2455 1162 2490 lib.
1200 2466 1256 2497 xv,
1293 2452 1467 2486 Academ-

123 2524 249 2563 quaest.
264 2531 276 2552 .-
291 2517 401 2552 «Hoc
420 2529 534 2564 quum
546 2516 707 2552 infirmat
728 2517 896 2565 tollitque
915 2517 1031 2552 Philo.
1045 2533 1059 2548 »
1078 2515 1220 2559 Livius,
1244 2513 1307 2547 lib.
1333 2521 1469 2553 xxxw,

121 2576 160 2611 in
183 2577 332 2613 Catonis
352 2577 518 2612 oratione
546 2590 555 2612 :
582 2593 596 2608 «
617 2579 686 2623 Ut,
705 2590 815 2613 unam
838 2577 1005 2613 tollendo
1028 2577 1166 2624 legem,
1196 2581 1334 2610 ceteras
1362 2569 1468 2606 infir-

1207 2657 1278 2685 21.
