1843 3166
670 212 811 247 LIBER
843 214 888 247 11.
1409 213 1455 259 ³9

161 293 340 336 Postero
362 294 494 354 igitur
517 293 605 350 die,
631 311 759 354 quam
787 295 857 339 illa
881 305 1002 339 erant
1025 306 1119 339 acta
1134 330 1144 349 ,
1165 297 1271 339 liora
1294 297 1380 339 fere
1400 313 1458 339 sc-

97 372 264 429 cuuda‚
293 390 427 432 quum
450 374 578 416 etiam
603 384 698 417 tum
725 376 768 419 in
792 375 901 420 lecto
925 380 1107 421 Crassus
1128 387 1258 432 esset,
1281 387 1322 419 ct
1342 378 1454 437 apud

98 469 195 496 cum
238 452 457 513 Sulpicius
496 453 686 511 sederet,
728 458 944 500 Antonius
985 466 1128 500 autem
1173 456 1458 500 inambularet

97 550 195 577 cum
220 534 348 577 Cotta
375 533 418 576 in
445 534 617 593 porticu
631 569 642 589 ‚
669 545 845 596 repente
865 552 916 579 co
935 537 991 593 Q.
1011 536 1191 581 Catulus
1213 553 1341 579 senex
1361 553 1456 580 cum

97 616 146 658 C.
165 612 282 658 Julio
298 613 432 657 fratre
450 615 580 658 venit.
601 615 735 672 Quod
760 617 833 659 ubi
855 617 1022 660 audivit
1037 651 1048 672 ,
1074 626 1316 660 commotus
1335 618 1461 660 Cras-

98 711 169 738 sus
193 695 403 749 surrexit,
422 710 660 755 omnesque
682 696 910 748 admirati,
934 697 1142 757 majorem
1165 695 1354 756 aliquam
1373 711 1460 739 csse

98 791 272 818 causam
293 791 443 819 eorum
468 776 682 820 adventus
707 778 911 837 suspicati
936 788 1050 821 sunt.

161 856 252 912 Qui
276 872 412 916 quum
440 857 552 900 inter
573 873 640 913 se,
670 868 719 901 ut
742 859 931 918 ipsorum
957 875 1060 902 usus
1085 858 1267 915 ferebat,
1296 859 1462 902 amicis-

98 938 205 980 sime
225 935 592 981 consalutassent:
612 965 674 971 —
688 938 806 994 Quid
826 956 900 982 vos
919 938 1120 982 tandem?
1137 940 1339 992 Crassus,
1359 954 1461 980 num

98 1014 332 1077 quidnam,
358 1018 519 1078 inquit,
550 1018 686 1062 novi?
708 1046 772 1052 —-
791 1018 913 1064 Nihil
936 1036 1057 1075 sane,
1088 1020 1229 1080 inquit
1256 1017 1465 1067 Catulus3

98 1107 258 1141 etenlm
282 1097 400 1142 vides
431 1115 521 1142 esse
557 1097 682 1142 ludos
709 1115 718 1142 :
755 1099 829 1143 sed
860 1098 944 1159 (vel
969 1109 1016 1143 tu
1041 1116 1117 1143 nos
1143 1099 1312 1159 ineptos
1342 1097 1466 1153 licet,

98 1180 266 1239 inquit,
292 1178 358 1222 vel
381 1178 584 1223 molestos
610 1179 752 1241 putes)
780 1196 916 1240 quum
942 1179 994 1223 ad
1018 1196 1086 1224 me
1106 1180 1149 1223 in
1168 1178 1464 1223 Tusculanum

99 1259 279 1324 [inquit]
310 1261 405 1305 heri
433 1262 600 1321 vesperi
626 1262 813 1305 venisset
843 1262 988 1305 Caesar
1013 1261 1066 1304 de
1093 1259 1341 1304 Tusculano
1365 1275 1467 1313 suo,

100 1341 211 1385 dixit
239 1341 374 1398 mihi,
413 1357 436 1385 a
470 1357 514 1385 se
551 1339 786 1385 Scaevolam
822 1340 924 1384 hinc
950 1350 1126 1383 euntem
1161 1356 1253 1383 esse
1283 1355 1470 1383 conven-

98 1431 218 1479 tum,
246 1437 297 1465 ex
322 1438 410 1482 quo
433 1422 544 1466 mira
564 1420 762 1482 quaedam
785 1437 828 1465 se
850 1419 1020 1464 audisse
1044 1419 1240 1475 dicebat3
1259 1428 1322 1475 te,
1342 1436 1468 1479 quem

98 1520 202 1564 ego,
236 1504 362 1547 toties
392 1504 512 1547 omni
544 1504 712 1547 ratione
742 1511 937 1557 tentans,
969 1500 1023 1545 ad
1055 1499 1370 1561 disputandum
1398 1498 1471 1543 eli-

101 1600 199 1628 cere
227 1600 316 1628 non
341 1584 579 1645 potuissem
595 1618 607 1641 ,
634 1581 852 1645 permulta
872 1582 924 1625 de
944 1580 1191 1641 eloquentia
1211 1597 1311 1625 cum
1337 1582 1473 1624 Anto-

101 1667 177 1709 nio
201 1664 481 1722 disseruisse,
518 1674 561 1708 et
585 1674 794 1724 tanquam
820 1664 865 1706 in
892 1659 1065 1722 schola,
1106 1677 1244 1723 prope
1268 1660 1323 1705 ad
1349 1661 1471 1704 Grae-

102 1763 256 1791 corum
285 1744 669 1798 consuetudinem,
699 1744 952 1806 disputasse.

166 1829 233 1871 Ita
258 1842 327 1869 me
350 1825 482 1870 frater
505 1826 722 1883 exoravit,
746 1842 799 1869 ne
819 1826 963 1886 ipsum
982 1823 1159 1885 quidem
1182 1841 1207 1868 a
1231 1823 1376 1868 studio
1398 1840 1474 1868 au-

101 1906 249 1952 diendi
278 1907 407 1951 nimis
433 1907 763 1963 abhorrentem,
793 1906 865 1951 sed
895 1904 1139 1950 mehercule
1164 1915 1384 1950 verentem
1413 1915 1475 1949 ta-

101 2005 228 2045 men,
260 2004 314 2032 ne
347 1986 518 2032 molesti
550 1988 673 2032 vobis
708 1988 1094 2043 interveniremus,
1133 1996 1183 2030 ut
1212 1986 1299 2030 huc
1328 2002 1472 2029 secum

103 2070 313 2114 venirem.
346 2067 582 2113 Scaevolam
609 2069 724 2112 enim
752 2069 813 2112 ita
838 2067 979 2112 dicere
1002 2067 1164 2124 aiebat,
1197 2067 1358 2110 bonam
1384 2082 1475 2127 par-

105 2160 193 2195 tem
222 2150 434 2194 sermonis
457 2150 503 2193 in
530 2149 648 2193 hunc
677 2148 791 2192 diem
819 2164 910 2192 esse
934 2146 1124 2192 dilatam.
1151 2151 1246 2192 Hoc
1271 2148 1307 2190 si
1330 2157 1379 2191 tu
1403 2163 1476 2190 cu-

107 2231 252 2292 pidius
284 2230 449 2274 factum
480 2231 721 2287 existimas,
757 2230 918 2275 Caesari
949 2230 1186 2285 attribues;
1226 2229 1261 2272 si
1289 2226 1475 2272 familia-

108 2313 225 2368 rius,
254 2312 430 2372 utrique
457 2321 688 2356 nostrum:
719 2329 797 2355 nos
816 2310 1017 2372 quidem,
1054 2311 1137 2355 nisi
1168 2310 1280 2355 forte
1307 2307 1476 2353 molesti

109 2393 448 2449 intervenimus,
476 2394 643 2438 venisse
667 2392 865 2437 delectat.

173 2476 248 2518 IV.
268 2502 330 2508 —-
343 2476 455 2518 Tum
471 2476 671 2531 Crassus,
691 2473 907 2534 Equidem
922 2508 933 2530 ‚
953 2489 1237 2534 quaecumque
1254 2489 1384 2517 causa
1403 2487 1476 2514 vos

111 2555 197 2598 huc
229 2553 465 2609 attulisset,
496 2554 683 2608 laetarer,
716 2572 852 2615 quum
881 2554 997 2615 apud
1029 2572 1096 2599 me
1124 2555 1311 2598 viderem
1342 2551 1477 2595 homi-

114 2652 192 2680 nes
213 2636 319 2680 mihi
347 2637 591 2680 carissimos
619 2646 660 2679 et
680 2636 993 2693 amicissimos;
1016 2636 1090 2680 sed
1112 2646 1275 2690 tamen,
1302 2650 1398 2676 vere
1420 2631 1479 2675 ‹li-
