1843 3166
616 236 1008 272 ADNOTATIONES.
1415 240 1433 274 3
1440 251 1487 287 29

143 325 200 347 sca
212 341 221 357 ,
247 319 432 359 sumptum
457 323 502 347 ex
521 311 616 346 libro
635 312 999 359 Apophthegmatum
1020 311 1179 346 Catonis.
1205 313 1353 348 Dictum
1372 321 1493 350 autem

142 375 233 418 hoc,
262 380 297 409 et
318 374 362 410 de
381 374 505 408 furace
529 371 645 419 accipi
665 379 806 419 potest,
829 371 894 419 qui
921 372 1043 407 omnia
1068 371 1228 419 resignet
1248 380 1283 408 et
1305 375 1493 419 recludat3

143 441 179 468 et
204 434 249 469 de
269 447 374 469 servo
396 432 513 481 frugi,
543 432 648 479 eujus
667 431 755 467 fidei
785 431 909 467 omnia
928 433 1039 467 herus
1065 433 1284 478 committat,
1312 434 1372 469 cui
1401 435 1493 470 nihil

143 496 278 530 annulo
300 494 485 542 obsignet‚
516 493 576 528 cui
600 493 689 528 nihil
708 494 854 529 claudat
873 506 963 528 sera.
986 495 1031 528 In
1050 493 1215 540 quodam
1239 495 1337 530 libro
1357 496 1495 543 scripto

142 555 276 604 legitur
301 555 537 598 Naeuianum,
570 560 612 588 ut
642 566 662 589 a
694 554 820 590 Naevio
843 561 955 602 poeta
982 561 1169 602 sumptum
1178 568 1189 600 ;
1213 555 1317 602 quod
1342 555 1497 591 fortasse

143 615 274 650 verius.
297 616 417 650 Tum«.

195 676 256 723 Sp.
280 675 444 709 Carvilio.
464 676 558 709 Puto
576 675 675 709 hunc
693 687 786 720 esse,
807 675 872 722 qui
893 675 1033 723 primus
1061 674 1162 722 apud
1186 676 1374 711 Romanos
1397 688 1496 710 uxo—

141 749 218 772 rem
245 735 398 771 demisit.
419 735 486 770 Vir
508 735 578 770 fuit
607 735 777 780 illustris,
800 736 884 783 qui,
913 749 959 771 ex
986 735 1149 783 equestri
1176 736 1260 770 loco
1288 743 1417 781 natus,
1449 737 1497 771 ad

140 809 317 833 summam
329 796 496 843 pervenit
516 796 750 844 dignitatem,
770 803 812 831 ut
832 798 1043 832 Paterculus
1063 796 1200 831 scribit.
1222 797 1360 832 Consul
1377 805 1499 832 autem

140 857 209 892 fuit
222 870 304 892 cum
322 857 410 892 Fah.
434 856 610 891 Maximo.
629 858 772 892 Auctor
793 856 942 901 Cicero,
967 858 1014 892 de
1039 858 1230 892 Senectute.
1249 858 1372 892 Tmm.

196 918 356 953 Calvino.
378 918 417 953 C.
440 917 585 952 Sextius
611 917 804 963 Calvinus,
822 924 865 953 ut
889 918 939 953 ait
967 918 1094 953 Cicero
1120 917 1159 951 in
1185 918 1324 959 Bruto,
1350 917 1498 965 ingenio

140 986 175 1014 et
194 990 361 1013 sermone
381 978 558 1025 eleganti,
578 978 643 1013 sed
659 978 871 1014 valetudine
891 977 1128 1013 incommoda
1154 977 1244 1023 fuit3
1275 977 1358 1022 etsi,
1384 991 1498 1025 quum

139 1038 353 1074 remiserant
372 1037 518 1073 dolores
540 1038 695 1085 pedum,
714 1051 792 1074 non
811 1039 936 1074 deerat
953 1039 992 1073 in
1016 1038 1144 1074 causis.
1164 1039 1200 1074 Is
1222 1038 1336 1086 igitur
1357 1050 1402 1073 ex
1425 1051 1499 1086 po—

143 1099 256 1148 dagra
273 1100 495 1146 plerumque
516 1099 759 1134 claudicabat.
784 1101 907 1135 TURN.

191 1161 288 1195 Num
310 1160 498 1194 claudicas
510 1162 529 1194 :³
548 1168 589 1195 at
607 1160 665 1194 hic
688 1161 854 1195 clodicat.
875 1160 1044 1196 Pearcius
1063 1159 1262 1194 claudicat.
1287 1158 1347 1195 Sic
1361 1165 1397 1193 et
1414 1160 1498 1195 Ste-

140 1222 281 1268 phanus
301 1227 337 1255 et
360 1220 561 1256 Lambinus
581 1233 625 1256 ex
643 1220 811 1270 ingenio3
830 1221 893 1256 sed
923 1221 1015 1256 illud
1037 1220 1177 1256 habent
1196 1220 1298 1256 MSS.
1319 1220 1394 1255 fere
1414 1232 1499 1257 om·-

138 1294 212 1317 nes.
233 1281 346 1324 Sunt,
367 1280 433 1328 qui
458 1281 619 1316 scribant
644 1295 652 1316 z
673 1290 714 1316 ac
739 1281 799 1315 lzic
827 1282 1009 1324 εἰοτῖὶεαῐ,ι
1036 1288 1072 1316 et
1097 1281 1147 1316 sic
1173 1279 1463 1328 interpretantur
1490 1294 1499 1315 :

141 1342 330 1386 Calvinus,
351 1342 417 1376 etsi
443 1342 625 1378 claudicat
652 1342 766 1389 pede,
789 1355 868 1378 non
898 1349 1020 1377 tamen
1049 1349 1123 1377 tam
1151 1343 1361 1385 claudicat,
1389 1354 1501 1388 quam

141 1404 318 1442 clodicat,
339 1402 379 1438 id
400 1410 453 1438 est
473 1403 605 1439 Clodio
625 1403 732 1438 favet.
754 1404 913 1437 Istorum
933 1402 1119 1438 sententiae
1132 1414 1210 1436 non
1227 1402 1348 1436 habeo
1369 1400 1499 1443 fidem,

141 1464 228 1511 quia
247 1464 376 1498 Cicero
402 1464 546 1499 confert
563 1465 728 1510 exempla
751 1463 845 1507 duo,
865 1474 946 1509 quae
972 1474 1052 1497 non
1080 1461 1130 1497 sic
1149 1468 1235 1496 sunt
1258 1473 1303 1496 ex
1327 1461 1501 1497 immuta—

142 1517 241 1559 tione
264 1524 413 1568 litterae,
440 1531 481 1558 ut
505 1537 547 1559 ea
575 1536 657 1571 quae
684 1529 904 1570 sequuntur.
930 1523 1108 1558 Praeterea
1135 1522 1332 1557 immutant
1356 1521 1503 1557 codices

144 1585 220 1619 sine
247 1584 403 1619 ratione.
440 1584 501 1619 Ad
532 1584 626 1627 haec,
658 1583 810 1630 quando
834 1582 986 1629 fingitur
1016 1583 1134 1617 Caesar
1166 1582 1242 1615 haec
1272 1582 1501 1627 tractavisse,

142 1657 332 1692 quumque
350 1644 442 1678 vixit
460 1642 630 1687 Glaucia,
648 1643 761 1677 homo
781 1642 948 1689 impurus
961 1669 971 1686 ,
990 1648 1032 1676 ut
1050 1641 1100 1676 ait
1120 1640 1249 1677 Cicero
1275 1641 1313 1676 in
1334 1641 1501 1677 oratione

139 1718 212 1752 pm
241 1704 390 1738 Rabirio
414 1705 614 1745 Postumo,
646 1704 769 1738 nullus
796 1709 874 1738 erat
901 1702 1074 1747 Clodius,
1112 1702 1172 1737 cui
1209 1701 1375 1737 deforme
1410 1710 1501 1737 esset

140 1765 263 1799 favere
284 1775 292 1797 :
311 1763 481 1798 nondum
499 1769 647 1810 ceperat
664 1762 930 1809 rempublicam
948 1764 987 1797 P.
1008 1762 1180 1806 Clodius,
1200 1774 1310 1809 quem
1328 1762 1422 1797 Milo
1442 1762 1500 1796 in-

141 1825 296 1860 teremit.
329 1826 409 1873 Ego
441 1824 554 1872 igitur
585 1824 634 1859 sic
664 1824 889 1870 interpretor
918 1835 926 1857 :
960 1823 1134 1868 Glaucia,
1163 1822 1331 1869 impurus
1366 1823 1500 1868 homo,

143 1897 259 1932 quum
276 1885 419 1921 videret
445 1884 638 1920 Calvinum
667 1883 762 1930 pede
783 1883 1068 1928 claudicantem,
1087 1882 1303 1918 recordatus
1325 1889 1378 1917 est
1405 1883 1501 1917 anti-

144 1945 211 1993 qui
234 1945 445 1992 proverbii,
465 1957 541 1992 quo
564 1951 706 1979 veteres
733 1944 935 1979 utebantur
953 1943 993 1978 in
1009 1943 1198 1978 hominem
1217 1949 1417 1987 errantem,
1442 1945 1501 1977 vel

145 2007 265 2041 dubiae
282 2004 391 2049 fidei3
412 2006 626 2053 quaerebant
647 2005 742 2039 enim
764 2017 773 2039 ι
791 2006 890 2040 Ν11111
909 2004 1112 2040 claudicat?
1130 2005 1202 2040 hoc
1222 2011 1292 2048 est,
1311 2010 1501 2039 constatnc

143 2067 231 2110 sibi,
251 2079 298 2101 an
315 2067 440 2113 potius
462 2073 579 2110 errat,
599 2072 662 2100 aut
680 2064 822 2100 variat?
848 2066 906 2100 Ex
923 2064 1159 2100 translatione
1182 2064 1288 2100 verbi
1318 2071 1354 2099 et
1379 2064 1499 2099 ambi-

145 2128 282 2175 guitate
302 2127 438 2173 objecit
456 2126 596 2162 homini
615 2125 746 2160 mentis
766 2137 948 2170 errorem,
967 2126 1027 2161 vel
1049 2125 1201 2160 dubiam
1219 2124 1342 2160 fidem.
1363 2125 1499 2160 STREB.

196 2187 337 2222 Noevz'o.
357 2187 507 2222 Dictum
533 2194 587 2222 est
605 2186 786 2230 Africani,
806 2193 848 2221 ut
869 2187 1015 2233 opinor,
1036 2186 1236 2233 superioris
1259 2185 1298 2220 in
1315 2184 1500 2228 Naevium,

145 2261 165 2283 a
194 2260 270 2295 quo
294 2247 415 2283 fuerat
438 2254 648 2292 accusatus,
674 2246 780 2294 quod
803 2247 927 2294 praeda
950 2247 1049 2283 bello
1073 2246 1249 2282 Antiochi
1279 2252 1385 2292 capta
1412 2258 1502 2280 aera—

143 2309 241 2345 rium
267 2309 479 2344 fraudasset.
506 2309 575 2343 Alii
593 2315 715 2343 tamen
743 2320 763 2343 a
788 2307 918 2343 Petilio
947 2314 1159 2344 accusatum·
1182 2307 1293 2342 fuisse
1323 2305 1499 2341 scribunt.

145 2372 265 2406 Locus
285 2369 622 2405 annominationem
639 2370 762 2404 habet.
781 2367 1004 2403 Nominatur
1025 2381 1046 2404 a
1070 2368 1176 2404 Livio
1197 2367 1316 2403 oratio
1342 2369 1381 2402 P.
1400 2366 1502 2401 Afri-

148 2431 227 2465 cani
251 2431 290 2466 in
314 2433 366 2465 M.
387 2429 571 2474 Naevium,
591 2430 629 2465 in
648 2442 742 2477 qua,
770 2436 813 2464 ut
831 2428 979 2475 opinor,
997 2429 1070 2464 hoc
1093 2428 1246 2464 dixerat.
1267 2429 1389 2462 Tum.

207 2492 320 2527 Video
337 2504 394 2526 me
413 2503 437 2525 a
456 2499 488 2526 tc
507 2491 758 2525 circumveniat
778 2489 951 2536 Expressi
970 2489 1075 2537 quod
1093 2496 1171 2525 erat
1188 2489 1226 2523 in
1244 2489 1332 2524 Pall.
1349 2493 1499 2533 septem,

148 2559 182 2586 et
206 2552 369 2588 editione
394 2552 513 2599 prima
539 2565 547 2587 ε
578 2564 664 2587 nam
694 2564 750 2598 pr.
781 2558 817 2586 et
849 2563 918 2586 sec.
945 2551 1005 2586 hic
1041 2550 1284 2592 deficiebant3
1308 2548 1363 2582 uti
1392 2547 1499 2583 etiam

150 2613 342 2660 Gallicani,
361 2626 455 2661 quos
475 2614 665 2648 consulere
682 2613 821 2648 solebat
841 2611 1069 2646 Gulielmius.
1089 2614 1216 2646 Postea
1236 2608 1374 2657 vulgati
1390 2607 1498 2643 addi-
