1843 3166
312 274 326 295 ι
335 260 381 295 88
533 232 535 234 ¹
819 262 882 297 DE
911 261 1143 296 ORATORE

372 348 421 388 In
440 361 526 404 quo
543 345 746 389 admirari
762 345 895 400 solco,
926 362 1010 389 non
1028 343 1223 404 equidem
1246 342 1365 393 istos,
1396 339 1469 397 qui
1489 337 1647 381 nullam

311 425 410 468 huic
437 426 496 467 rei
519 441 694 485 operam
722 425 954 476 dederunt,
993 425 1065 468 sed
1094 423 1308 466 hominem
1334 420 1377 462 in
1408 419 1556 478 primis
1584 416 1651 460 di·

313 513 473 547 sertum
507 514 635 564 atquc
670 503 907 558 eruditum,
943 503 1216 562 Philippum,
1259 500 1330 560 qui
1369 499 1424 541 ita
1458 495 1565 540 solet
1598 496 1651 539 ad

313 583 538 626 dicendum
565 599 756 643 surgere,
782 593 846 637 ut,
875 582 990 642 quod
1015 583 1200 642 primum
1225 579 1402 623 verbum
1427 577 1653 620 habiturus

315 663 392 715 sit,
413 663 595 718 nesciat3
623 671 664 705 et
683 662 740 705 ait
760 661 893 717 idem,
913 677 1046 720 quum
1067 660 1290 703 brachium
1311 655 1653 709 cmicalefecerit,

316 751 407 784 tuni
433 758 475 784 se
497 740 632 784 solere
656 757 848 801 pugnare
868 758 876 783 z
904 756 1042 799 neque
1064 738 1265 793 attendit,
1291 754 1362 781 eos
1385 739 1518 798 ipsos,
1542 734 1655 778 unde

316 821 397 863 hoc
424 819 559 863 simile
584 820 733 873 ducat,
762 818 853 862 illas
879 819 1036 878 primas
1059 819 1200 861 hastas
1226 818 1282 860 ita
1301 817 1461 877 jactare
1487 815 1654 869 leniter,

320 909 365 942 ut
391 910 434 942 ct
458 900 669 943 venustati
695 897 759 942 vel
785 900 967 942 maxime
986 899 1191 953 serviant,
1218 907 1259 940 et
1291 895 1463 955 reliquis
1494 895 1656 937 viribus

320 979 404 1022 suis
429 978 668 1022 consulant.

382 1059 531 1117 Neque
553 1067 615 1100 est
641 1057 818 1101 dubium
834 1090 845 1112 ,
873 1057 977 1117 quin
999 1056 1221 1100 exordium
1246 1055 1414 1100 dicendi
1434 1055 1659 1099 vehemens

320 1147 362 1181 et
386 1154 557 1197 pugnax
586 1154 672 1180 non
697 1152 805 1197 saepe
831 1153 919 1180 esse
939 1136 1114 1180 debeat:
1144 1137 1218 1180 sed
1239 1138 1273 1180 si
1295 1138 1338 1180 in
1360 1138 1451 1197 ipso
1475 1134 1547 1178 illo
1571 1136 1658 1197 gla-

321 1217 501 1261 diatorio
537 1217 632 1260 vitae
668 1218 923 1272 certamine,
964 1234 1050 1276 quo
1084 1217 1197 1260 ferro
1230 1218 1485 1273 decernitur,
1519 1228 1660 1261 tamen

322 1305 418 1338 ante
450 1311 727 1355 congressum
761 1294 894 1338 multa
926 1295 1056 1352 fiunt,
1093 1312 1187 1355 quae
1206 1313 1292 1340 non
1313 1297 1365 1340 ad
1388 1296 1562 1353 vulnus,
1590 1296 1661 1340 sed

323 1374 376 1417 ad
399 1375 581 1434 speciem
603 1373 741 1417 valere
760 1374 1010 1426 videantur;
1047 1385 1208 1434 quanto
1234 1376 1316 1419 hoc
1339 1377 1474 1437 magis
1497 1377 1539 1419 in
1566 1392 1662 1419 ora-

325 1454 439 1497 tione
464 1445 816 1512 exspectandum,
854 1454 897 1496 in
926 1470 1010 1513 qua
1032 1470 1119 1498 non
1149 1455 1209 1498 vis
1238 1456 1402 1514 potius,
1431 1456 1504 1499 sed
1528 1455 1664 1499 delec-

323 1532 427 1574 tatio
464 1531 738 1591 postulatur?
780 1531 901 1577 Nihil
944 1543 1006 1576 est
1038 1533 1220 1593 denique
1255 1535 1299 1576 in
1337 1544 1488 1577 natura
1520 1551 1663 1578 rerum

322 1612 538 1666 omnium,
582 1612 696 1670 quod
732 1629 774 1655 se
812 1614 1059 1656 universum
1095 1612 1349 1672 profundat,
1385 1625 1427 1658 et
1455 1615 1570 1675 quod
1605 1624 1665 1658 to-

324 1702 415 1735 tum
453 1701 623 1752 repente
660 1691 836 1735 evolet:
876 1693 936 1735 sic
971 1693 1139 1746 omnia,
1181 1710 1273 1752 quae
1309 1693 1443 1750 fiunt,
1487 1711 1664 1753 quaeque

324 1783 509 1833 aguntur
529 1773 754 1826 acerrime,
779 1772 1011 1815 lenioribus
1035 1774 1255 1833 principiis
1276 1783 1429 1817 natura
1451 1775 1542 1834 ipsa
1564 1791 1665 1835 prae-

305 1890 307 1893 .
326 1854 469 1896 texuit.

386 1935 484 1975 Haec
505 1941 645 1975 autem
669 1933 712 1975 in
735 1931 916 1975 dicendo
942 1948 1028 1975 non
1051 1933 1310 1976 extrinsecus
1334 1933 1529 1978 alicunde
1551 1949 1664 1992 quoe-

324 2009 481 2065 reuda,
510 2011 582 2054 sed
607 2027 657 2054 ex
680 2012 780 2071 ipsis
804 2011 1034 2054 visceribus
1058 2028 1196 2055 causae
1222 2013 1429 2056 sumenda
1451 2022 1564 2055 sunt.
1594 2011 1665 2054 Id-

324 2090 436 2133 circo
462 2099 548 2133 tota
573 2107 700 2134 causa
722 2100 963 2150 pei-tentata
988 2100 1114 2150 atque
1138 2101 1378 2151 perspecta,
1403 2091 1505 2135 locis
1527 2092 1664 2135 omni-

325 2170 402 2212 bus
434 2171 616 2213 inventis
640 2180 767 2230 atque
796 2171 1035 2227 instructis,
1076 2170 1436 2214 considerandum
1468 2181 1551 2227 est,
1581 2188 1666 2232 quo

327 2250 534 2309 principio
558 2251 611 2293 sit
636 2248 843 2293 utendum
865 2268 873 2293 :
903 2252 962 2294 sic
981 2260 1022 2294 ct
1041 2250 1163 2294 facile
1184 2253 1432 2311 reperietur.

391 2330 625 2372 Sumentur
653 2329 765 2372 enim
786 2346 844 2372 -ex
878 2330 928 2373 iis
963 2330 1110 2388 rebus,
1149 2347 1241 2389 quae
1275 2342 1404 2374 erunt
1443 2331 1666 2375 uberrimae

326 2406 390 2450 vel
418 2409 461 2450 in
485 2410 766 2468 argumentis,
796 2409 860 2452 vel
885 2410 930 2453 in
953 2411 1002 2453 iis
1029 2411 1242 2470 partibus,
1274 2410 1327 2454 ad
1351 2427 1454 2470 quas
1485 2411 1571 2454 dixi
1595 2411 1666 2455 de-

328 2486 444 2545 gredi
477 2503 586 2546 saepe
619 2498 830 2547 oportere.
869 2492 935 2533 Ita
963 2500 1005 2533 et
1033 2492 1239 2534 momenti
1273 2490 1435 2550 aliquid
1466 2490 1666 2546 afferent,

329 2582 460 2624 quum
493 2577 618 2610 erunt
650 2584 767 2627 paene
802 2585 853 2612 ex
888 2571 1038 2613 intima
1071 2570 1313 2614 defensione
1349 2571 1588 2630 depromta,
1628 2582 1669 2614 ct

331 2647 546 2703 apparebit
571 2663 617 2689 ea
644 2664 727 2689 non
752 2648 878 2691 inodo
902 2666 985 2692 non
1008 2668 1094 2693 csse
1117 2651 1378 2702 communia,
1407 2667 1483 2693 nec
1505 2652 1547 2693 in
1567 2649 1669 2694 alias
