1843 3166
373 158 444 202 '176
892 155 956 190 DE
982 156 1217 190 ORATORE

372 241 581 297 hominis,
600 250 640 283 et
660 240 750 299 ejus
772 240 910 283 omnis
935 239 1103 295 vultus,
1124 255 1357 299 omnesque
1373 256 1521 295 voces,
1536 249 1585 283 ut
1603 240 1724 284 nervi

375 322 418 363 in
459 320 638 375 fidibus,
673 320 728 363 ita
767 329 947 375 sonant,
977 329 1024 363 ut
1058 336 1081 362 a
1110 329 1229 362 motu
1265 320 1396 362 animi
1433 336 1605 379 quoque
1628 330 1729 363 sunt

374 398 520 459 pulsae.
543 401 652 443 Nam
668 416 808 454 νοςοε,
825 408 870 442 ut
885 397 1055 442 chordae
1075 408 1173 441 sunt
1193 400 1387 454 inteutae,
1404 415 1497 458 quae
1512 398 1565 442 ad
1583 415 1730 458 quem-

375 495 458 538 que
498 488 659 523 tactum
692 479 1005 539 respondeant:
1046 488 1188 534 acuta,
1235 480 1396 539 gravis;
1437 480 1520 522 cita
1536 513 1547 535 ,
1586 479 1730 531 tarda;

375 576 531 619 magna
547 593 557 613 ,
584 576 737 619 ραι-νας
759 576 863 619 quas
884 569 1028 603 tamen
1049 561 1161 602 iuter
1185 576 1333 602 omncs
1357 568 1421 602 est
1447 576 1524 602 suo
1552 575 1730 619 quaeque

377 639 418 680 in
437 654 589 697 genere
612 640 849 683 mediocris
881 642 1025 698 Atque
1045 637 1256 682 ctiamilla
1280 649 1379 681 sunt
1398 639 1449 682 ab
1471 639 1536 681 his
1558 637 1731 698 delapsa

374 717 500 779 plura
542 734 720 777 genera,
759 718 878 772 lene,
922 735 1141 777 asperum,
1178 728 1470 773 contractum,
1504 718 1729 774 diffusum3

373 797 613 841 continenti
654 798 828 856 spiritu,
866 798 1129 852 intermisso;
1156 796 1364 850 fractum,
1387 798 1590 854 scissum;
1620 798 1730 841 flexo

374 893 478 919 sono
508 886 797 929 attenuatum,
823 876 1030 920 iussatum.

436 955 616 1001 Nullum
643 967 706 999 ost
722 957 836 999 enim
851 957 1008 999 horum
1032 956 1236 999 similium
1253 972 1480 1016 generum,
1506 956 1623 1016 quod
1643 974 1730 1001 non

373 1045 465 1078 arte
488 1052 536 1078 ac
561 1035 856 1079 moderatione
882 1045 1120 1079 tractetur:
1159 1037 1203 1079 hi
1241 1046 1343 1080 sunt
1377 1038 1532 1093 actori,
1564 1046 1612 1080 ut
1638 1038 1730 1097 pic-

376 1114 476 1170 tori,
501 1116 682 1174 expositi
706 1116 759 1158 ad
782 1115 1037 1158 variandum
1064 1115 1243 1159 colores.

438 1196 597 1239 LVIII.
623 1194 751 1239 Aliud
777 1196 892 1238 enim
915 1197 1031 1239 vocis
1051 1212 1185 1256 genus
1210 1195 1433 1239 iracundia
1459 1196 1539 1239 sibi
1566 1206 1730 1241 sumat:

375 1285 574 1330 acutum,
595 1275 842 1331 incitatum,
870 1276 1023 1319 crebro
1048 1277 1269 1332 incidens,

479 1370 618 1415 Impius
638 1371 806 1404 hortatur
823 1383 881 1405 mc
899 1372 1021 1416 frater,
1043 1380 1081 1408 ut
1098 1386 1202 1409 meos
1218 1375 1325 1409 malis
1343 1375 1453 1410 miser

478 1430 694 1465 Manderem
712 1437 817 1465 natos
833 1444 841 1465 :
872 1459 1073 1468 ......

379 1522 417 1555 et
441 1528 506 1566 ea,
530 1529 623 1570 quae
650 1523 695 1555 tu
723 1513 911 1568 dudum,
930 1516 1118 1572 Antoni,
1143 1516 1384 1575 protulisti,

478 1609 680 1654 Segregare
698 1608 763 1643 abs
782 1615 816 1643 te
833 1621 938 1644 ausus
954 1622 960 1643 :

376 1686 417 1719 et

479 1749 610 1796 Ecquis
625 1750 697 1784 hoc
716 1749 1002 1784 animadvertit?
1022 1750 1168 1786 Vincite
1186 1764 1193 1784 :

378 1841 419 1875 et
447 1834 607 1876 Atreus
627 1833 714 1877 fere
740 1843 867 1878 totus.

439 1912 570 1956 Aliud
596 1914 812 1957 miseratio
846 1931 895 1958 ac
921 1932 1079 1959 moeror
1107 1916 1313 1974 flexibile,
1346 1917 1524 1978 plenum
1542 1954 1553 1976 ,
1590 1921 1726 1965 inter-

378 2001 578 2052 ruptum,
602 1992 733 2035 flebili
754 2010 878 2050 voce,

479 2089 563 2131 Quo
586 2101 683 2123 nunc
700 2102 758 2124 me
777 2096 916 2124 vertam
931 2089 945 2123 Ρ
967 2091 1065 2137 quod
1082 2092 1151 2127 iter
1167 2093 1339 2140 incipiam
1359 2094 1529 2142 ingredi?

476 2148 636 2183 Domum
657 2150 924 2195 paternamne?
943 2163 1038 2187 anne
1057 2153 1104 2189 ad
1123 2154 1228 2189 Peliae
1248 2153 1367 2190 filias?

377 2230 418 2265 et
443 2220 533 2279 illa,

478 2310 512 2345 O
528 2313 651 2357 pater!
674 2324 696 2347 ο
715 2314 849 2360 patria!
874 2328 895 2350 o
916 2316 1048 2352 Priami
1070 2317 1221 2352 domus!

378 2402 422 2438 et
446 2411 540 2454 quae
568 2408 820 2455 sequuntur,

530 2490 615 2525 Haec
637 2493 759 2529 omnia
779 2494 854 2530 vidi
874 2495 1117 2542 inflammari,

531 2550 674 2587 Priamo
694 2554 732 2588 vi
749 2555 859 2590 vitam
879 2558 1017 2593 evitari.
