1843 3166
686 234 829 269 LIBER
859 236 884 269 Ι.
1420 240 1465 276 33

105 318 339 376 posteriore
368 327 491 360 natus
517 326 624 372 erat,
652 326 689 359 et
719 317 771 360 de
793 319 885 378 ejus
911 329 1072 374 matre3
1097 337 1215 379 quae,
1245 323 1276 365 si
1300 322 1466 382 judica-

105 406 242 451 retur,
273 397 400 439 certis
425 395 685 455 quibusdam
714 398 875 452 verbis,
898 415 983 442 non
1018 400 1139 442 novis
1166 402 1348 460 nuptiis,
1379 401 1467 445 fieri

106 493 206 519 cnm
242 477 462 536 superiore
494 475 758 532 divortium,
788 479 828 520 in
870 479 1123 522 concubinae
1162 478 1301 523 locum
1342 480 1468 524 duce-

105 566 237 600 retur.

168 639 270 680 Haec
293 636 447 697 igitur,
475 647 516 680 et
541 637 697 680 horum
729 637 884 681 similia
913 640 1011 698 jura
1035 656 1120 682 suae
1142 641 1328 683 civitatis
1353 642 1472 701 igno—

105 727 301 774 rantem,
331 727 524 762 erectum
560 728 600 760 et
638 717 824 774 celsum,
857 718 987 762 alacri
1016 729 1057 762 et
1091 730 1292 781 prompto
1324 736 1397 764 ore
1425 738 1473 764 ac

105 796 250 851 vultu,
285 798 370 842 huc
404 808 534 858 atque
572 796 673 842 illuc
714 800 976 855 intuentem,
1005 801 1149 860 vagari
1184 817 1338 862 magna
1375 818 1473 844 cum

108 887 280 922 caterva
316 887 408 922 toto
446 878 569 939 foro,
606 879 851 938 praesidium
888 877 1144 934 clientibus,
1181 889 1309 940 atque
1349 896 1474 941 opem

107 959 274 1013 amicis,
297 968 339 1002 et
360 976 496 1020 prope
519 961 687 1003 cunctis
712 960 878 1004 civibus
902 959 1041 1003 lucem
1062 961 1222 1021 ingenii
1244 970 1284 1004 et
1307 959 1473 1004 consilii

109 1040 173 1081 sui
205 1040 499 1100 porrigentem
531 1049 660 1099 atque
684 1039 953 1094 tendentem,
983 1056 1127 1083 nonne
1154 1042 1195 1084 in
1227 1037 1377 1102 primis
1404 1041 1474 1084 fla-

108 1120 312 1178 gitiosum
340 1120 581 1181 putandum
606 1119 697 1163 est?

170 1202 284 1244 XLI.
322 1204 375 1246 Et
413 1202 619 1261 quoniam
667 1201 717 1244 (le
759 1202 1028 1262 impudentia
1068 1201 1185 1255 dixi,
1224 1202 1478 1261 castigemus

108 1282 238 1323 etiam
271 1281 495 1341 segnitiem
527 1281 752 1324 hominum
777 1291 906 1340 atque
932 1282 1147 1323 inertiam.
1176 1282 1286 1323 Nam
1313 1282 1344 1322 si
1374 1292 1479 1323 esset

110 1362 187 1403 ista
219 1361 411 1421 cognitio
436 1361 546 1420 juris
584 1377 740 1421 magna
778 1377 827 1404 ac
863 1360 1076 1415 difficilis3
1106 1370 1249 1403 tamen
1284 1359 1481 1403 utilitatis,

109 1440 366 1502 magnitudo
401 1440 579 1485 deberet
612 1442 808 1485 homines
848 1441 902 1484 ad
939 1440 1260 1502 suscipiendum
1293 1440 1482 1484 discendi

111 1523 303 1568 laborem
328 1522 565 1585 impellere.
594 1525 699 1580 Sed,
725 1542 751 1568 o
777 1525 836 1568 dii
868 1524 1154 1577 immortales,
1182 1541 1268 1567 non
1295 1523 1482 1567 dicerem

109 1605 216 1658 hoc,
240 1604 442 1649 audiente
468 1605 681 1662 Scaevola,
712 1607 792 1649 nisi
829 1608 919 1667 ipse
946 1606 1087 1649 dicere
1117 1605 1295 1661 soleret,
1326 1604 1484 1648 nullius

112 1687 215 1729 artis
239 1685 477 1730 faciliorem
505 1687 584 1729 sibi
610 1687 908 1746 cognitionem
933 1685 1082 1729 videri.

175 1766 309 1822 Quod
331 1765 508 1825 quidem
534 1767 662 1809 certis
686 1765 738 1808 de
762 1767 902 1809 causis
923 1783 945 1809 a
966 1765 1181 1825 plerisque
1200 1765 1323 1809 aliter
1343 1766 1486 1808 existi-

113 1854 259 1888 matur
277 1862 285 1887 :
311 1846 518 1905 primum,
539 1846 639 1905 quia
664 1854 829 1888 veteres
856 1844 936 1901 illi,
956 1846 1031 1905 qui
1050 1846 1152 1888 huic
1169 1845 1358 1888 scientiae
1381 1860 1488 1904 prae-

113 1924 313 1980 fuerunt,
336 1924 581 1969 obtinendae
606 1935 736 1984 atque
762 1925 970 1986 augendae
1000 1926 1204 1986 potentia)
1232 1941 1318 1967 suae
1341 1940 1488 1977 causa,

115 2003 363 2065 pervulgari
397 2014 535 2048 artem
569 2021 690 2048 suam
727 2004 962 2047 noluerunt
991 2022 998 2047 :
1029 2003 1182 2047 deinde
1209 2013 1488 2063 posteaquam

116 2096 178 2129 est
212 2084 406 2141 editum,
439 2086 643 2145 expositis
672 2102 696 2128 a
722 2087 800 2129 Cn.
829 2083 975 2127 Flavio
1006 2085 1195 2143 primum
1225 2082 1489 2137 actionibus,

118 2165 226 2210 nulli
254 2165 451 2220 fuerunt,
474 2167 548 2226 qui
575 2165 646 2209 illa
677 2164 905 2209 artificiose
927 2164 1092 2225 digesta
1118 2164 1356 2224 generatim
1381 2180 1492 2205 com-

118 2243 359 2310 ponerent]
374 2246 490 2290 Nihil
525 2257 586 2290 est
615 2247 753 2302 enim,
780 2245 898 2306 quod
922 2245 975 2288 ad
1002 2254 1141 2288 artem
1174 2244 1310 2305 redigi
1336 2244 1493 2304 possit,

119 2328 198 2370 nisi
232 2325 302 2370 ille
337 2326 477 2387 prius,
507 2328 580 2387 qui
621 2325 690 2370 illa
723 2335 857 2380 tenet,
884 2342 1071 2385 quorum
1105 2333 1241 2367 artem
1271 2325 1494 2367 instituere

118 2405 237 2462 vult,
263 2406 419 2450 habeat
458 2405 575 2450 illam
609 2408 854 2462 scientiam,
890 2417 935 2448 ut
967 2424 1016 2449 ex
1050 2407 1099 2448 iis
1135 2406 1283 2457 rebus,
1310 2420 1494 2464 quarum

120 2503 188 2529 ars
215 2486 409 2530 nondum
441 2487 514 2540 sit,
550 2497 685 2530 artem
714 2486 883 2529 efficere
909 2486 1055 2545 possit.
1088 2489 1179 2529 Hoc
1216 2485 1358 2537 video,
1392 2484 1494 2525 duni

121 2566 312 2610 breviter
341 2566 552 2611 voluerim
580 2567 743 2622 (licere,
773 2566 936 2610 (lictum
961 2583 984 2609 a
1012 2583 1077 2609 me
1103 2583 1190 2608 esse
1224 2562 1368 2625 paullo
1399 2562 1495 2605 obs-

124 2646 295 2705 curius3
319 2648 392 2692 sed
413 2649 628 2708 experiar,
660 2657 700 2691 ct
718 2647 880 2703 (licam,
912 2648 942 2689 si
969 2656 1141 2706 potero,
1175 2644 1353 2704 planius.
