1843 3166
714 199 854 232 LIBER
889 201 934 233 ll.
1460 206 1504 247 87

139 278 310 336 gioncin
326 316 335 335 ,
354 282 476 341 cujus
498 283 693 324 terminis
714 293 833 343 septa
854 294 1064 328 teneatur.
1095 287 1272 342 Omnia,
1288 305 1508 346 quaecum··

138 375 221 417 quc
254 360 296 403 in
326 361 551 404 hominum
584 362 947 423 disceptationem
974 365 1126 408 cadere
1156 377 1337 425 possunt
1357 404 1367 422 ‚
1399 370 1507 413 benc

137 450 238 483 sunt
274 442 311 484 ci
339 441 548 496 dicenda,
586 443 660 502 qui
698 443 779 487 hoc
810 462 854 487 se
884 462 1007 504 posse
1042 445 1287 505 profitetur,
1317 459 1392 491 aut
1421 448 1507 492 elo-

138 522 326 579 quentiae
349 538 509 565 nomen
536 522 872 584 relinquendum
899 535 974 568 est.

200 603 351 657 Quare
377 602 579 662 equidem
604 613 647 647 et
673 604 715 647 in
745 615 894 648 nostra
917 606 1113 662 civitate,
1145 617 1187 650 et
1214 609 1257 650 in
1282 609 1372 668 ipsa
1395 612 1510 654 Grae-

138 683 226 739 eia,
255 699 350 742 quae
373 699 544 744 semper
569 685 659 728 haec
680 703 849 730 summa
870 685 1016 743 duxit,
1047 686 1208 731 multos
1234 698 1276 731 et
1302 689 1507 749 ingeniis,

136 773 178 807 et
214 780 372 825 magna
411 763 537 808 laude
576 765 747 809 dicendi
784 768 875 810 sine
918 783 1088 812 summa
1130 785 1276 811 rerum
1311 771 1507 813 omnium

137 845 318 888 scientia
345 845 474 889 fuisse
494 845 655 903 fateor3
688 847 814 891 talem
842 864 942 891 vero
966 848 1170 891 exsistere
1192 847 1508 909 eloquentiam,

137 923 276 985 qualis
305 925 435 970 fucrit
462 928 505 970 in
531 929 690 972 Crasso
722 939 764 972 et
799 930 1012 984 Antonio,
1051 946 1138 973 11011
1169 931 1355 991 cognitis
1382 931 1509 974 rebus

137 1006 367 1064 omnibus,
395 1025 491 1068 quae
515 1009 568 1052 ad
598 1018 762 1053 tantam
793 1009 1066 1070 prudentiam
1094 1012 1379 1071 pertinerent,
1418 1021 1508 1055 tan-

137 1098 314 1149 tamque
342 1089 514 1133 dicendi
541 1091 735 1150 copiam,
775 1099 938 1150 quanta
967 1092 1010 1134 in
1043 1090 1126 1135 illis
1162 1092 1268 1147 fuit,
1312 1108 1399 1135 non
1433 1109 1508 1152 po-

138 1170 271 1213 tuisse
298 1171 524 1215 confirmo.

200 1252 303 1307 Quo
327 1252 457 1295 etiam
489 1252 567 1296 feci
598 1251 827 1308 libentius,
864 1263 910 1296 ut
940 1269 1039 1296 eum
1068 1269 1341 1310 sermonem,
1380 1272 1507 1315 quem

136 1332 197 1376 illi
216 1332 437 1392 quondam
460 1333 570 1376 inter
589 1349 633 1376 se
649 1331 702 1375 de
722 1333 787 1376 his
803 1332 932 1376 rebus
953 1332 1205 1377 habuissent
1219 1368 1230 1390 ,
1257 1334 1509 1377 mandarem

136 1412 322 1457 litteris:
353 1412 418 1456 vel
448 1423 494 1456 ut
516 1412 586 1456 illa
611 1414 781 1473 opinio,
810 1430 907 1473 quae
938 1430 1106 1474 semper
1133 1415 1305 1470 fuisset,
1339 1414 1507 1458 tollere-

137 1506 224 1552 tur,
253 1494 438 1539 alterum
463 1511 549 1539 non
568 1494 869 1539 doctissimum
888 1531 898 1550 ‚
922 1494 1108 1539 alterum
1132 1494 1260 1555 plane
1286 1495 1509 1539 indoctum

135 1577 288 1633 fuisse3
318 1575 384 1620 vel
411 1586 458 1620 ut
480 1593 552 1633 ea,
580 1593 674 1637 quae
696 1576 988 1620 existimarem
1013 1593 1038 1620 a
1061 1578 1242 1621 summis
1263 1578 1510 1620 oratoribus

137 1658 188 1702 de
219 1658 471 1718 eloquentia
501 1658 710 1701 divinitus
744 1674 834 1701 esse
863 1658 1000 1712 dicta,
1034 1657 1300 1701 custodirem
1334 1656 1511 1712 litteris,

136 1740 170 1782 si
201 1738 290 1782 ullo
317 1739 448 1782 modo
475 1739 645 1798 assequi
671 1737 993 1798 complectique
1020 1739 1287 1799 potuisse1n3
1324 1736 1387 1781 vel
1422 1754 1511 1781 me-

136 1818 313 1863 hercule
332 1820 464 1863 etiam
482 1854 494 1875 ,
523 1829 572 1862 ut
602 1818 775 1863 laudem
804 1836 978 1874 eorum,
1008 1820 1096 1880 jam
1124 1836 1260 1880 prope
1287 1836 1511 1863 senescen-

135 1911 221 1944 tem
236 1936 247 1956 ,
265 1911 479 1961 quantum
500 1917 581 1962 ego
603 1917 793 1961 possem,
815 1902 868 1944 ab
888 1900 1110 1944 oblivione
1131 1902 1357 1945 hominum
1380 1910 1511 1960 atque

135 2000 159 2026 a
183 1981 358 2027 silentio
380 1981 662 2026 vindicarem.

201 2064 315 2107 Nam
333 2064 367 2107 si
385 2080 437 2107 ex
457 2064 629 2124 scriptis
649 2064 855 2124 cognosci
878 2064 959 2123 ipsi
979 2064 1066 2106 suis
1084 2064 1350 2124 potuissent,
1369 2063 1512 2105 minus

137 2145 221 2188 hoc
247 2144 428 2189 fortasse
453 2143 560 2187 mihi
581 2161 671 2188 esse
694 2154 912 2205 putassem
938 2143 1227 2187 laborandum
1247 2160 1255 2186 ;
1283 2143 1357 2187 sed
1378 2159 1513 2202 quum

138 2225 246 2269 alter
273 2241 363 2268 non
390 2224 582 2269 multum
609 2226 747 2287 (quod
776 2225 954 2286 quidem
979 2226 1203 2286 exstaret),
1233 2234 1275 2268 et
1303 2224 1345 2267 id
1374 2226 1513 2284 ipsum

139 2304 413 2363 adolescens,
440 2306 549 2351 alter
569 2307 678 2351 nihil
699 2306 938 2351 admodum
963 2308 1113 2368 scripti
1144 2305 1413 2366 reliquisset,
1443 2304 1515 2348 ‹le-

138 2387 231 2431 beri
250 2387 332 2431 hoc
352 2404 377 2430 a
399 2403 467 2430 me
488 2389 618 2432 tantis
639 2388 866 2432 hominum
886 2389 1070 2448 ingeniis
1092 2388 1268 2448 putavi,
1291 2397 1357 2441 ut,
1379 2402 1514 2445 quum

140 2469 270 2511 ctiam
300 2484 417 2511 nunc
445 2468 587 2511 vivam
616 2467 792 2512 illorum
824 2468 1079 2512 memoriam
1110 2478 1380 2521 tenen-mnus,
1407 2468 1514 2509 lianc

141 2547 429 2591 immortalem
462 2547 712 2604 redderem,
745 2550 776 2592 si
804 2566 986 2608 possem.

204 2628 334 2686 Quod
376 2628 459 2672 hoc
487 2629 617 2672 etiam
652 2645 724 2688 spe
767 2628 996 2690 aggredior
1030 2631 1192 2690 majore
1232 2630 1283 2673 ad
1323 2628 1514 2688 proban--
