1843 3166
333 188 352 223 3
360 200 405 222 -ιο
841 187 903 221 DE
933 186 1179 221 ORATORE.

331 265 369 298 in
387 264 522 311 quibus
549 263 702 298 totidem
730 262 858 297 litteris
882 262 974 306 fuit,
1003 262 1107 310 quod
1132 262 1191 297 hic
1219 261 1395 307 exhibe03
1416 275 1536 310 neque
1563 264 1688 300 abibat

333 333 503 369 octavus,
522 325 591 359 nisi
610 325 715 372 quod
737 325 764 359 is
778 325 929 359 veneris.
951 325 1112 371 ⁷Vulgata
1131 323 1168 358 in
1186 323 1285 358 hunc
1304 322 1402 358 diem
1425 337 1432 358 :
1457 325 1582 360 «intra
1596 337 1687 372 quas

331 387 452 422 venire
473 387 622 429 debeas,
642 393 683 421 ut
701 385 924 433 pervestiges
936 385 1039 432 quod
1054 397 1196 432 quaeras
1208 397 1216 427 3
1229 400 1247 415 >2
1261 384 1360 419 fatue
1386 397 1461 430 prae
1481 387 1596 421 altera
1614 399 1687 421 no-

331 455 403 483 stra
429 461 437 482 2
461 448 713 495 metaphoram
737 446 831 481 enim
856 446 1083 481 venatoriam
1103 445 1274 480 omnibus
1298 445 1418 480 modis
1444 447 1578 493 premit
1596 448 1689 481 Tul-

332 509 400 544 lius
415 537 423 552 ‚
444 516 483 543 ut
502 509 559 543 vel
585 508 776 555 sequentia
800 520 806 540 :
830 508 988 554 seps-eris
1000 533 1010 549 ,
1032 506 1206 554 effugiet,
1232 514 1298 541 etc.
1313 533 1323 547 ,
1345 515 1535 541 ostentant.
1564 509 1634 542 Gn.

389 571 458 604 Ubi
474 583 554 604 eum
578 572 695 604 locum
723 581 878 603 omnem.
906 569 976 602 Int.
998 580 1089 615 quas
1117 575 1200 603 ante
1219 566 1363 602 dixerat
1381 568 1546 614 regiones
1565 581 1576 602 :
1595 569 1691 604 infra

331 631 484 672 incidet,
507 631 691 679 eleganter
711 643 719 664 :
741 630 894 664 ductum
908 636 960 664 est
974 641 993 663 e
1008 641 1048 664 re
1063 628 1247 671 venatica,
1261 628 1327 662 ubi
1339 628 1463 674 praeda
1483 629 1620 664 dicitur
1632 630 1689 665 in-

331 691 448 725 cidere
462 691 498 724 in
512 703 651 732 casses,
666 697 732 724 etc.
749 691 843 724 Enx.
853 711 903 715 —
916 689 1118 724 Familiaris
1129 701 1248 732 meus,
1261 689 1280 722 J
1285 689 1446 724 ohannes
1459 690 1610 725 VValker
1619 703 1690 738 pro

331 763 411 785 eum
433 751 581 797 reponit
606 750 724 793 eni1n;
745 756 780 783 et
801 749 1014 794 conjectura
1037 750 1169 795 placet.
1189 750 1234 783 In
1252 750 1399 796 vulgata
1419 750 1516 784 enim
1533 751 1692 787 lectione

329 810 420 845 nihil
440 818 511 855 est,
545 809 649 857 quod
674 811 768 844 hanc
790 809 1006 844 sententiam
1027 808 1143 856 priori
1171 816 1386 854 connectat,
1411 811 1479 844 etsi
1504 811 1693 847 manifeste

330 872 387 907 hic
406 872 499 906 ratio
518 871 688 906 redditur
701 883 846 915 eorum,
871 883 952 918 quae
972 870 1048 916 jam
1066 878 1335 917 praecesserant.
1356 873 1495 906 Pane.

382 933 468 968 Cap.
493 933 652 968 XXXV.
666 932 723 966 Ne
733 932 803 966 sibi
820 932 881 965 ille
899 932 1044 978 aliquid
1043 931 1223 978 proficere
1241 933 1422 967 videatur.
1443 933 1499 966 Ne
1522 931 1694 968 adversa-

330 994 405 1028 rius
424 1006 492 1028 nos
512 1000 718 1028 commotos
743 1005 818 1027 esse
841 1004 906 1028 sua
925 992 1094 1027 oratione
1115 992 1326 1038 arbitretur,
1351 1000 1387 1027 et
1404 1005 1473 1028 nos
1493 993 1622 1028 timere
1646 1006 1693 1029 ne

327 1054 388 1089 illa
412 1054 643 1089 audientium
668 1052 779 1089 animi
804 1054 1006 1088 trahantur.
1031 1054 1088 1088 Ita
1113 1053 1307 1088 Schutzius
1326 1053 1392 1101 qui
1406 1053 1510 1088 addit
1530 1066 1538 1088 :
1560 1055 1694 1089 Nullus

330 1115 484 1160 dubito,
520 1116 595 1150 haec
620 1115 756 1159 verba,
778 1114 852 1149 «id
879 1122 1002 1149 tamen
1031 1114 1302 1149 dissimulanter
1326 1115 1482 1150 facere...
1510 1115 1694 1160 videatur,

330 1175 530 1222 prudentia
555 1182 624 1219 est,
647 1192 661 1207 ι)
687 1175 733 1210 ab
753 1175 1031 1222 interpolatoris
1049 1187 1162 1210 manu
1185 1175 1368 1210 inculcata
1393 1175 1514 1211 fuisse.

381 1238 467 1272 Cn.
491 1238 672 1272 XXXVI.
704 1237 880 1271 Habeant
901 1230 1079 1284 paiatum
1111 1245 1253 1279 tamen,
1280 1237 1373 1284 quid
1401 1237 1448 1271 de
1479 1248 1622 1284 quaque
1655 1249 1694 1271 re

329 1299 465 1332 dicant.
488 1298 647 1333 Videtur
672 1298 772 1345 quod
793 1297 852 1332 hic
882 1297 1101 1345 legendum,
1125 1310 1203 1332 non
1232 1298 1331 1345 quid.
1356 1297 1433 1333 Etsi
1465 1296 1614 1333 difficile
1642 1305 1695 1333 est

329 1371 472 1405 semper
492 1359 687 1394 discrimen
706 1359 901 1405 utriusque
922 1366 1026 1393 certo
1055 1359 1169 1404 scire3
1194 1359 1259 1394 sed
1283 1367 1369 1406 post
1386 1360 1482 1394 hanc
1501 1359 1659 1394 formam
1685 1372 1692 1393 :

329 1419 465 1454 «habeo
485 1420 522 1454 in
537 1427 736 1466 promptu,
751 1419 871 1453 habeo
882 1427 1062 1466 paratum
1075 1437 1088 1450 υ
1099 1446 1111 1463 ‚
1135 1426 1170 1454 et
1191 1419 1342 1464 similia,
1362 1428 1399 1455 et
1411 1420 1528 1455 habeo
1549 1420 1692 1467 simpli-

330 1480 431 1523 citer,
451 1481 550 1527 quod
567 1487 620 1515 est
639 1493 684 1514 ex
705 1481 784 1527 lege
803 1479 1014 1524 latinitatis,
1034 1487 1076 1514 ut
1095 1480 1212 1515 liabeo
1231 1482 1330 1527 quod
1349 1482 1472 1516 dicam
1483 1508 1493 1524 ,
1512 1494 1584 1516 non
1605 1482 1697 1529 quid

328 1541 471 1582 dicam5
493 1540 714 1586 compendia
734 1540 921 1574 scribendi
939 1540 1030 1585 quid
1041 1547 1077 1574 et
1101 1542 1217 1587 quod,
1238 1541 1422 1577 incertum
1434 1542 1554 1577 fecere
1572 1542 1691 1577 inter-

329 1600 417 1635 dum
430 1627 439 1643 ‚
461 1600 655 1646 quomodo
676 1599 876 1648 legendum
897 1599 953 1633 sit.
973 1600 1068 1633 Eas.

381 1662 466 1696 cip.
488 1662 688 1696 XXXVII.
718 1661 836 1694 Valde
859 1660 1028 1702 hercule,
1056 1661 1173 1708 inquit
1198 1661 1357 1696 Catulus.
1379 1663 1529 1698 Catulus
1546 1663 1695 1709 J'ocatur

329 1721 366 1755 in
384 1721 590 1756 Antonium
617 1734 662 1756 ex
682 1721 859 1756 similibus
879 1734 886 1755 :
908 1727 949 1756 ut
971 1728 1092 1756 nautae
1115 1721 1162 1756 ad
1181 1724 1354 1769 scopulos
1374 1736 1547 1771 syrenum
1566 1724 1693 1759 timide

330 1782 528 1826 accedunt3
550 1789 720 1816 metuunt
742 1782 838 1816 enim
868 1781 1126 1830 naufragium;
1146 1783 1196 1817 sic
1215 1784 1401 1819 Antonius
1419 1784 1693 1832 philosophiam

328 1843 390 1877 vix
409 1843 520 1877 audet
539 1842 729 1889 attingere.
749 1844 858 1877 Hunc
878 1842 990 1891 igitur
1011 1843 1160 1878 Crassus
1179 1844 1430 1880 vehementius
1455 1845 1627 1880 hortatur
1645 1847 1693 1881 ad

328 1903 569 1950 philosophiae
590 1903 753 1938 studium
767 1932 776 1949 ,
796 1904 998 1951 propositis
1019 1904 1228 1940 domesticis
1249 1906 1442 1953 exemplis,
1457 1914 1492 1941 et
1510 1919 1577 1952 per
1603 1919 1690 1955 gra-

329 1964 398 1998 dus
418 1964 608 1998 variorum
637 1971 849 2011 temporum
871 1965 1040 2000 deductis
1066 1979 1073 1999 z
1100 1966 1207 2000 multi
1226 1967 1264 2001 in
1289 1968 1393 2001 Italia
1419 1967 1691 2014 philosophiam

329 2025 540 2069 coluerunt,
562 2033 603 2059 ut
633 2026 885 2074 pythagoraei,
910 2033 1087 2074 regnante
1116 2028 1238 2062 Numa
1259 2028 1460 2075 Pompilio,
1489 2035 1525 2062 et
1557 2028 1691 2064 exinde

328 2085 509 2129 Romani,
532 2098 609 2133 quo
634 2093 803 2133 tempore
831 2087 1060 2131 Carneades,
1092 2095 1127 2122 et
1153 2088 1353 2132 Critolaus,
1378 2088 1509 2137 legati,
1534 2090 1691 2124 Romam

328 2152 521 2180 venerunt.

385 2207 470 2240 Tres
488 2207 587 2239 illius
607 2207 730 2241 oetcztzs
743 2208 985 2242 nobilissimos
1000 2208 1255 2256 philosophos.
1279 2210 1484 2245 Carneades
1504 2211 1689 2246 academi-

329 2279 411 2310 cus,
444 2266 626 2302 Critolaus
651 2267 930 2314 peripateticus,
954 2276 990 2304 et
1010 2270 1195 2318 Diogenes
1215 2271 1368 2315 stoicus,
1396 2271 1507 2318 legati
1531 2273 1688 2307 Romam

328 2334 522 2371 venerunt,
544 2334 585 2361 ut
604 2328 881 2364 Atheniensium
909 2330 1094 2365 civitatem
1123 2332 1335 2380 quingentis
1359 2333 1522 2376 talentis,
1551 2333 1688 2379 quibus

329 2388 595 2434 Cecropiorum
626 2391 894 2435 postulatione,
921 2404 941 2426 a
975 2392 1156 2440 Sicyoniis
1184 2393 1323 2428 indicta
1350 2406 1479 2437 causa,
1511 2395 1688 2430 mulctata

330 2448 467 2492 fuerat,
486 2449 686 2484 liberarent
708 2463 715 2484 ε
743 2464 817 2498 quo
837 2459 1007 2499 tempore
1019 2481 1028 2498 ‚
1046 2466 1201 2501 magnus
1219 2467 1458 2489 romanorum
1476 2454 1687 2502 principum

328 2521 528 2544 concursus
541 2510 588 2545 ad
605 2523 668 2546 eos
687 2512 890 2549 audiendos
911 2515 1078 2562 quotidie
1097 2514 1229 2560 fiebat,
1249 2528 1267 2550 e
1289 2516 1425 2563 quibus
1444 2516 1686 2551 nominantur

330 2569 418 2604 Pub.
439 2570 634 2607 Africanus
646 2572 782 2618 Minor,
803 2576 841 2610 C.
862 2575 992 2610 Laelius
1012 2583 1047 2610 et
1066 2577 1106 2610 L.
1128 2577 1272 2611 Furius.
1292 2578 1390 2625 Lege
1403 2579 1682 2622 Panaenum,
