1843 3166
710 219 851 253 LIBER
885 220 910 252 1.
1441 233 1452 254 ι
1463 234 1481 264 7

126 306 225 346 Haec
248 313 390 346 autem
413 303 566 354 oratio,
585 302 618 343 si
642 317 810 344 resnou
835 302 980 344 subest
1005 302 1057 344 ab
1083 312 1254 346 oratore
1278 313 1480 364 percepta

125 391 165 425 ct
186 383 383 443 cognita3
408 390 483 424 aut
499 379 616 423 nulla
630 381 683 422 sit
705 396 876 423 necesse
890 390 968 434 est,
985 390 1058 423 aut
1074 382 1266 424 omnium
1285 383 1482 426 irrisione

127 460 310 506 ludatur.

185 539 304 598 Quid
339 549 402 583 est
439 540 554 582 enim
593 549 680 582 tam
712 538 949 594 furiosum,
977 556 1106 598 quam
1143 541 1374 583 verborum
1413 542 1477 585 vel

123 619 388 678 optimorum
413 628 541 678 atque
563 619 958 674 ornatissimorum,
983 620 1149 662 sonitus
1176 620 1333 676 inanis,
1362 620 1480 664 nulla

123 697 318 758 subjecta
351 699 587 754 sententia,
618 714 696 741 nec
725 697 941 741 scientia?
969 698 1195 758 Quidquid
1231 700 1313 742 erit
1348 700 1480 760 igitur

121 793 394 836 quacumque
419 793 470 820 ex
492 786 607 833 arte,
634 793 894 836 quocunque
917 777 969 820 de
987 794 1164 838 genere,
1192 778 1234 821 id
1255 789 1421 834 orator,
1446 781 1480 823 si

122 865 325 916 tanquam
357 855 523 900 clientis
554 873 744 909 causam,
769 856 991 912 didicerit,
1021 846 1135 901 dicet
1162 858 1314 902 melius
1344 868 1384 902 et
1413 876 1480 902 or-

120 936 289 992 natius,
314 952 442 996 quam
472 936 543 980 ille
567 937 657 996 ipse
681 937 772 996 ejus
794 924 855 979 rei
881 938 1101 993 inventor,
1126 947 1254 997 atque
1278 938 1442 982 artifex.

181 1017 295 1061 Nam
309 1017 343 1059 si
358 1017 454 1077 quis
469 1017 550 1060 erit
564 1017 638 1077 qui
652 1017 734 1060 hoc
750 1016 884 1071 dicat,
907 1033 996 1060 esse
1017 1017 1223 1077 quasdam
1247 1027 1468 1062 oratorum

118 1095 316 1155 proprias
345 1097 606 1151 sententias,
641 1106 769 1156 atque
797 1113 972 1150 causas,
1004 1106 1045 1139 et
1077 1107 1293 1140 certarum
1328 1114 1472 1141 rerum

117 1174 358 1218 forensibus
393 1173 591 1218 cancellis
624 1176 973 1234 cirumscriptam
1017 1176 1270 1230 scientiam3
1303 1176 1471 1221 fatebor

115 1253 315 1313 equidem
339 1254 382 1297 in
404 1254 471 1298 his
497 1255 630 1313 magis
653 1254 820 1297 assidue
843 1255 1004 1296 versari
1028 1255 1140 1297 hanc
1165 1265 1354 1298 nostram
1379 1256 1471 1299 dic-

115 1332 276 1375 tionem
293 1331 392 1388 :·sed
413 1341 554 1374 tamen
575 1333 619 1374 in
637 1331 701 1374 his
722 1332 824 1390 ipsis
846 1332 974 1374 rebus
993 1330 1207 1390 permulta
1227 1342 1352 1389 sunt,
1377 1351 1470 1393 quae

113 1414 182 1456 isti
211 1413 433 1473 magistri,
462 1414 536 1472 qui
565 1412 769 1455 rhetorici
799 1421 1025 1467 vocantur,
1051 1428 1130 1455 ncc
1160 1412 1360 1469 tradunt,
1389 1431 1469 1458 nec

112 1503 273 1538 tenent.

174 1575 284 1631 Quis
319 1574 435 1617 enim
466 1573 624 1628 nescit,
675 1573 905 1618 maximam
927 1575 1014 1619 vim
1050 1576 1252 1620 exsistere
1281 1576 1465 1620 oratoris

110 1653 154 1696 in
175 1653 401 1697 hominum
433 1652 650 1697 mentibus
677 1652 744 1696 vel
774 1652 827 1696 ad
858 1655 984 1709 iram,
1009 1665 1083 1698 aut
1109 1655 1163 1698 ad
1189 1655 1362 1710 odium,
1391 1666 1467 1699 aut

109 1731 302 1776 dolorem
331 1732 584 1787 incitandis,
614 1731 679 1775 vel
716 1732 768 1776 ab
799 1733 914 1776 hisce
943 1733 1092 1777 iisdem
1124 1735 1468 1793 permotionibus

107 1811 160 1854 ad
187 1810 407 1855 lenitatem
440 1810 863 1870 misericordiamque
886 1811 1170 1854 revocandis?
1189 1814 1359 1869 Quare,
1383 1814 1465 1855 nisi

46 1896 79 1917 ‘⁵‘
105 1892 180 1951 qui
200 1901 374 1935 naturas
389 1890 637 1944 hominum,
660 1891 832 1950 vimque
849 1907 1021 1934 omnem
1044 1891 1346 1946 humanitatis,
1365 1908 1462 1935 cau-

104 1987 256 2031 sasque
273 1987 362 2026 eas,
381 1970 538 2030 quibus
552 1979 716 2013 mentes
730 1980 805 2013 aut
820 1971 1057 2013 incitantur
1071 1981 1146 2013 aut
1163 1971 1463 2025 reflectuntur,

104 2051 275 2109 penitus
297 2051 585 2111 perspexerit,
609 2049 813 2103 dicendo,
836 2049 952 2109 quod
975 2049 1116 2105 volet,
1147 2050 1351 2110 perficere
1375 2067 1459 2094 non

104 2139 227 2189 pote1
230 2131 273 2173 it.

165 2210 298 2268 Atqui
335 2219 452 2254 totus
487 2210 557 2253 hie
592 2208 710 2253 locus
745 2208 1104 2270 philosophorum
1141 2218 1320 2287 putatur
1358 2226 1459 2269 pro-

103 2290 253 2350 prius:
281 2305 418 2348 neque
441 2266 605 2345 orafor,
631 2306 698 2332 me
725 2298 920 2344 auctore,
944 2305 1137 2348 uuquam
1164 2277 1454 2349 repugnabit:

99 2368 342 2428 sed,quum
365 2367 446 2422 illis
471 2370 763 2429 coguitionem
790 2385 936 2411 lerum
963 2369 1244 2423 concesseiit,
1272 2367 1422 2427 quod
1414 2384 1454 2409 in

97 2464 146 2490 ea
181 2446 321 2491 solum
355 2446 415 2490 illi
449 2440 665 2491 vo'lu'eriut
694 2447 940 2501 elaborare3
964 2449 1266 2490 tractationem
1294 2448 1455 2490 oratio-

97 2530 181 2584 nis,
209 2545 302 2588 quae
329 2529 421 2571 sine
449 2526 522 2571 illa
546 2517 725 2571 'scientia
758 2525 878 2569 nulla
904 2537 989 2582 est,
1018 2528 1097 2569 sibi
1124 2537 1308 2570 assumet
1338 2542 1347 2568 :
1373 2525 1453 2567 hoc

97 2608 209 2650 enim
235 2616 297 2651 est
322 2608 546 2667 proprium
577 2607 781 2659 oratoris,
804 2606 921 2666 quod
943 2623 1053 2666 saepe
1069 2608 1159 2666 jam
1185 2606 1290 2660 dixi,
1315 2605 1452 2648 oratio

307 2695 352 2722 ιι.
1205 2703 1227 2727 2
