1843 3166
289 206 335 239 83
813 210 876 244 DE
905 209 1143 245 ORATORE

289 291 417 345 dum,
452 293 553 351 quia
583 310 669 336 non
704 294 754 336 de
783 295 900 337 Serv.
932 294 1099 347 Galbae,
1138 305 1211 338 aut
1246 298 1294 338 C.
1322 295 1536 337 Carbonis
1564 294 1652 338 elo—

289 373 463 431 quentia
493 374 634 416 scribo
664 373 849 433 aliquid,
890 376 931 416 in
962 392 1049 434 quo
1087 375 1210 418 liceat
1248 375 1353 418 mihi
1392 375 1580 436 fingere,
1619 377 1653 419 si

289 453 393 513 quid
427 453 578 505 velim,
620 454 781 498 nullius
816 457 1025 499 memoria
1054 457 1142 515 jam
1175 455 1427 499 refellente:
1467 455 1539 499 sed
1573 456 1654 500 edo

291 534 381 578 haec
407 537 457 578 iis
488 536 814 596 cognoscenda,
844 538 916 595 qui
941 553 1012 579 eos
1045 537 1180 595 ipsos„
1217 536 1269 578 de
1294 536 1452 596 quibus
1479 534 1654 595 loquor,

290 633 399 677 saepe
431 616 689 668 audierunt,
733 627 782 660 ut
808 616 916 660 duos
941 633 1131 659 summos
1166 617 1305 672 viros,
1337 618 1405 673 iis,
1445 619 1519 677 qui
1552 634 1656 660 neu-

290 707 406 741 trum
436 695 609 740 illorum
640 696 850 751 viderint,
879 713 1053 751 eorum,
1082 696 1241 755 quibus
1268 696 1394 740 ambo
1422 695 1481 740 illi
1510 708 1657 741 orato-

290 795 356 822 res
380 779 542 839 cogniti
561 778 669 832 sint,
691 778 888 821 vivorum
909 787 950 820 et
971 778 1270 837 prcesentium,
1296 779 1504 821 memoria
1530 788 1656 835 leste,

291 858 655 903 commendemus.

354 942 432 983 III.
469 940 560 982 Nec
580 955 683 982 vero
710 949 773 993 te,
801 940 1019 982 carissime
1045 939 1175 982 frater
1198 948 1326 1000 atque
1351 941 1534 1000 optime,
1562 941 1659 984 rhe-

292 1020 440 1062 toricis
468 1034 583 1061 nunc
611 1017 867 1077 quibusdam
899 1016 1040 1073 libris,
1069 1035 1177 1078 quos
1212 1029 1259 1062 tu
1292 1030 1480 1080 agrestes
1513 1030 1659 1080 putas,

293 1100 499 1158 insequor
523 1107 570 1140 ut
597 1097 794 1141 erudiam
815 1113 824 1139 ε
851 1097 956 1157 quid
978 1098 1092 1141 enim
1117 1107 1189 1141 tua
1209 1108 1349 1158 potest
1373 1101 1568 1143 oratione
1588 1111 1661 1144 aut

291 1177 493 1222 subtilius
508 1212 519 1234 ,
542 1188 618 1221 aut
641 1178 837 1222 ornatius
859 1177 983 1222 esse?
1009 1178 1089 1221 Sed
1111 1179 1341 1238 quoniam,
1368 1180 1455 1223 sive
1471 1180 1659 1241 judicio,

292 1268 341 1302 ut
370 1257 480 1302 soles
509 1258 676 1314 dicere,
704 1259 815 1312 sive,
846 1268 893 1301 ut
919 1257 989 1301 ille
1014 1268 1138 1319 pater
1161 1259 1417 1320 eloquentiae
1437 1260 1489 1304 de
1512 1277 1555 1304 se
1576 1263 1663 1305 Iso-

293 1347 432 1382 crates
461 1339 636 1398 scripsit
664 1338 779 1398 ipse,
808 1337 976 1398 pudore
1004 1355 1028 1381 a
1057 1337 1240 1382 dicendo
1267 1349 1309 1382 et
1335 1339 1567 1384 timiditate
1596 1341 1662 1384 in-

295 1435 435 1479 genua
457 1417 642 1478 quadam
657 1418 879 1479 refugisti,
909 1419 997 1461 sive
1011 1453 1022 1474 ,
1043 1429 1091 1462 ut
1114 1420 1205 1480 ipse
1218 1420 1356 1480 jocari
1378 1418 1506 1478 soles,
1525 1437 1662 1464 unum

295 1499 458 1558 putasti
488 1499 591 1542 satis
621 1514 713 1542 esse
749 1515 838 1542 non
875 1498 1005 1542 modo
1040 1500 1084 1542 in
1112 1516 1199 1543 una
1229 1499 1389 1544 familia
1417 1501 1663 1554 rhetorem,

295 1577 367 1622 sed
397 1594 506 1639 pene
540 1580 584 1622 in
614 1588 704 1622 tota
729 1579 903 1623 civitate
930 1597 940 1623 :
976 1596 1063 1623 non
1089 1589 1236 1623 tamen
1266 1580 1457 1625 arbitror
1481 1582 1559 1626 tibi
1585 1582 1664 1625 hos

294 1657 428 1703 libros
458 1660 501 1702 in
532 1675 583 1703 eo
608 1658 700 1703 fore
728 1674 905 1721 genere,
936 1659 1054 1719 quod
1083 1661 1255 1716 merito,
1282 1672 1461 1722 propter
1487 1679 1665 1719 eorum,

295 1739 371 1799 qui
397 1737 450 1782 de
482 1738 654 1782 dicendi
684 1739 853 1782 ratione
885 1737 1191 1799 disputarunt,
1229 1740 1500 1801 jejunitatem
1530 1742 1666 1787 bona-

297 1834 397 1861 rum
426 1819 608 1874 arti-um‚
640 1819 777 1879 possit
802 1818 938 1863 illudi.

361 1897 482 1942 Nihil
511 1899 627 1942 enim
654 1899 760 1942 mihi
791 1899 965 1960 quidem
990 1900 1162 1945 videtur
1188 1902 1232 1945 in
1257 1903 1400 1946 Crassi
1423 1912 1464 1947 et
1488 1906 1667 1948 Antonii

297 1994 498 2023 sermone
525 1995 616 2023 esse
647 1981 941 2040 praeteritum,
976 1981 1095 2041 quod
1127 1983 1355 2042 quisquam
1393 1985 1570 2028 summis
1602 1985 1667 2028 in-

299 2060 456 2120 geniis,
483 2061 708 2104 acerrimis
730 2060 884 2104 studiis
899 2095 910 2117 ,
935 2062 1102 2121 optima
1126 2061 1348 2120 doctrina,
1378 2064 1567 2108 maximo
1586 2081 1667 2109 usu

299 2142 504 2202 cognosci
537 2157 586 2185 ac
611 2142 778 2202 percipi
804 2142 998 2202 potuisse
1030 2143 1318 2188 arbitraretur
1344 2161 1353 2188 z
1385 2145 1503 2205 quod
1530 2156 1576 2190 tu
1605 2146 1667 2191 fa-

300 2219 466 2264 cillime
489 2222 652 2281 poteris
683 2220 902 2281 judicare,
942 2223 1018 2283 qui
1055 2224 1331 2284 prudentiam
1370 2227 1669 2287 rationemque

300 2299 473 2343 dicendi
502 2317 579 2360 per
610 2311 651 2344 te
680 2302 843 2362 ipsum,
887 2319 1011 2346 usum
1049 2314 1193 2347 autem
1222 2321 1298 2365 per
1336 2322 1414 2349 nos
1447 2307 1669 2367 percipere

299 2379 489 2424 voluisti.
532 2381 638 2438 Sed,
676 2399 765 2442 quo
790 2384 919 2427 citius
945 2383 1054 2439 hoc,
1098 2384 1215 2444 quod
1255 2387 1542 2447 suscepimus,
1579 2405 1668 2432 non

299 2460 516 2505 mediocre
544 2478 704 2505 munus
729 2464 944 2508 conficere
966 2465 1206 2526 possimus,
1235 2467 1392 2510 omissa
1420 2477 1567 2511 nostra
1594 2468 1671 2512 ad-

301 2539 576 2598 hortatione,
614 2542 669 2585 ad
704 2559 879 2597 eorum,
917 2561 1028 2605 quos
1063 2547 1392 2606 proposuimus,
1427 2564 1670 2593 sermonem

302 2621 729 2682 disputationemque
752 2625 988 2668 veniamus.
