1843 3166
629 227 1015 262 ADNOTATIONES.
1411 243 1480 278 297

209 303 293 337 Cn.
322 302 497 337 XXXVI.
518 302 568 335 Et
595 303 713 337 ridens
740 311 774 337 et
799 303 1032 337 stomachans
1051 303 1221 338 Scaevola.
1248 306 1331 339 Non
1351 306 1411 341 ille
1437 311 1480 351 Q.

160 363 334 406 Scaevola,
354 374 482 409 augur,
512 362 628 396 Crassi
650 373 763 405 socer,
790 374 864 408 quo
887 370 1059 408 praesente
1079 363 1226 398 Crassus
1243 365 1300 399 hic
1320 366 1483 408 disserit,

158 422 219 456 sed
251 423 339 456 alter
372 425 415 465 Q.
446 422 622 464 Scaevola,
652 422 836 466 pontifex,
865 422 1142 467 jurisconsultus
1167 424 1418 469 peritissimus,
1448 432 1484 460 et

155 488 246 524 tum,
267 494 379 527 quum
405 482 474 515 hoc
490 480 671 525 judicium
690 480 964 528 disceptaretur,
988 483 1306 528 tribunus-plebis,
1327 497 1358 518 a.
1377 487 1422 520 U.
1444 488 1482 521 C.

154 541 237 587 649.
257 535 384 575 Pnusr.
605 528 610 533 ¹

211 603 324 646 Quum
335 602 528 645 Hypsaeus.
544 601 695 635 Causam
708 599 884 647 integram
898 602 1020 647 accipe
1037 615 1045 635 z
1063 602 1139 636 ibat
1151 603 1307 636 Scaevola
1317 603 1482 648 pontifex

155 662 190 695 in
218 663 394 707 Campum
411 660 583 694 Martium
609 661 656 695 ad
679 661 836 696 comitia.
857 662 930 695 Iter
955 661 1006 695 illi
1023 674 1091 708 per
1116 663 1254 697 Forum
1272 663 1363 707 fuit;
1384 663 1421 696 in
1442 675 1486 697 eo

153 721 288 767 reperit
308 727 468 755 oratores
492 720 584 755 duos
614 721 707 755 inter
735 734 770 756 se
797 721 996 769 litigantes,
1021 730 1056 757 et
1077 722 1236 769 graviter
1257 723 1486 769 ignoratione

151 781 243 825 juris
273 780 385 815 civilis
409 787 610 826 peccantes.
631 782 773 815 Horum
804 781 867 815 uni
893 794 1028 816 nomen
1058 784 1232 829 Hypsaeus
1258 790 1350 827 erat,
1383 783 1486 818 alteri

152 841 217 875 Cn.
235 841 427 884 Octavius,
448 841 512 887 qui
531 841 756 875 consulatum
776 849 931 889 gesserat
952 854 981 876 a.
1002 843 1046 877 U.
1066 844 1105 877 C.
1127 842 1211 877 626.
1232 843 1407 890 Hypsaeus
1426 855 1486 877 ac—

155 902 304 936 cusabat
335 902 490 948 aliquem
517 909 693 945 tutorem,
723 902 824 947 quod
854 902 984 948 pupilli
1014 902 1177 938 fortunas
1206 904 1298 937 male
1331 903 1487 938 admini-

155 968 308 996 strasset.
331 963 429 1006 Hoc,
444 961 623 1005 judicium
651 963 774 995 tuteloe
804 963 1017 1007 appellatur.
1039 963 1210 997 Octavius
1234 970 1392 997 tutorem
1418 963 1486 997 de—

156 1021 340 1055 fendebat.
368 1021 487 1055 Judex
506 1021 613 1066 hujus
640 1021 894 1056 controversiae
914 1023 964 1056 M.
986 1023 1150 1066 Crassus,
1175 1022 1239 1069 qui
1258 1030 1335 1056 tum
1353 1030 1490 1068 praetor

154 1081 315 1115 urbanus
346 1088 442 1124 erat,
470 1093 600 1127 nempe
635 1093 665 1115 a.
699 1080 788 1121 648.
818 1082 891 1125 Qui
916 1081 1057 1127 judicio
1088 1084 1207 1117 tutelae
1238 1082 1489 1126 damnabatur,

157 1142 356 1187 cogebatur
373 1142 537 1187 pupillo,
563 1141 666 1186 cujus
686 1142 794 1176 rebus
811 1144 903 1177 male
929 1144 1184 1187 consuluisset,
1203 1144 1392 1190 pecuniam
1412 1145 1487 1177 sol-

154 1214 255 1244 vere,
282 1214 322 1236 ac
350 1202 522 1236 damnum
540 1200 728 1244 resarcire;
749 1202 898 1246 deinde,
928 1204 1006 1250 lege
1024 1204 1098 1237 XII
1124 1204 1362 1247 Tabularum,
1380 1203 1489 1247 jube-

155 1261 264 1296 batur
291 1262 431 1308 aliquid
462 1264 556 1296 ultra
577 1261 756 1307 pendere,
786 1264 926 1297 mulctae
953 1263 1109 1297 nornine.
1131 1263 1242 1307 Quod
1266 1263 1295 1296 si
1312 1262 1491 1308 pupillus,

155 1329 217 1356 aut
244 1322 321 1367 ejus
347 1330 542 1368 patronus,
561 1323 643 1368 plus
671 1334 690 1356 a
713 1335 777 1356 reo
800 1330 956 1369 peteret,
976 1336 1084 1370 quam
1110 1324 1318 1367 deberetur,
1338 1323 1492 1357 cadebat

157 1394 274 1416 causa.
294 1383 374 1417 Hoc
403 1383 551 1428 petebat
576 1383 768 1429 HypsaeUS,
796 1390 830 1417 et
848 1384 930 1429 plus
959 1384 1125 1429 petebat,
1155 1396 1263 1429 quam
1291 1395 1358 1428 par
1384 1389 1492 1425 esset,

156 1442 323 1488 adeoque
356 1443 513 1476 debebat
548 1454 653 1476 causa
681 1441 821 1476 cadere.
852 1443 1044 1486 Octavius,
1077 1443 1209 1477 tutoris
1240 1441 1397 1477 accusati
1427 1441 1492 1475 de—

153 1502 274 1536 fensor
297 1503 501 1548 imperitus,
521 1515 635 1548 quum
654 1502 802 1536 deberet
823 1503 893 1536 hoc
906 1502 986 1548 ipso
998 1503 1229 1537 vehementer
1251 1502 1376 1545 laetari,
1390 1501 1492 1547 quod

154 1564 255 1608 plus,
282 1575 391 1609 quam
416 1563 467 1597 fas
493 1569 589 1606 erat,
616 1569 803 1608 peteretur
829 1562 896 1609 (id
932 1562 1047 1605 enim,
1075 1563 1105 1596 si
1130 1563 1320 1606 objecisset
1345 1569 1493 1606 postea,

153 1630 188 1658 et
207 1624 417 1669 probasset,
443 1634 586 1656 causam
608 1618 865 1667 obtinuisset),
890 1620 1055 1654 oratione
1083 1621 1193 1667 longa
1218 1621 1425 1663 recusabat,
1446 1633 1492 1654 ne

152 1685 233 1729 plus
268 1689 466 1729 peteretur,
497 1682 568 1715 hoc
595 1687 664 1724 est,
683 1693 728 1715 ne
754 1681 928 1727 Hypsaeus
955 1692 1062 1715 causa
1087 1681 1251 1725 caderet,
1282 1687 1392 1727 atque
1416 1681 1492 1727 ipse

154 1745 253 1778 litem
277 1744 467 1778 obtineret.
487 1744 618 1777 Pnusr.

211 1805 330 1839 Causa
358 1805 488 1838 cadere
506 1804 635 1837 liceret.
656 1803 707 1837 Ut
732 1808 899 1836 naturam
927 1802 1036 1848 hujus
1057 1802 1148 1847 litis,
1173 1801 1325 1848 ejusque
1354 1814 1434 1848 quae
1456 1801 1493 1835 in

155 1865 322 1911 sequenti
346 1864 463 1910 capite
493 1863 670 1906 occurrit,
696 1863 789 1897 bene
816 1862 1079 1910 intelligamus,
1117 1862 1203 1897 audi
1229 1863 1418 1896 Erasmum
1455 1862 1493 1895 in

155 1925 280 1971 Adag.
293 1950 305 1966 ,
330 1924 411 1958 chil.
435 1923 473 1968 5,
495 1931 586 1958 cent.
614 1935 652 1968 2,
670 1923 841 1968 proverb.
867 1922 910 1957 15
931 1936 939 1956 :
960 1938 975 1954 «
996 1925 1111 1958 Causa
1132 1923 1260 1957 cadere
1286 1923 1314 1957 is
1340 1922 1493 1956 videba-

157 1991 236 2028 tur,
262 1985 344 2030 qui,
371 1986 462 2018 male
493 1984 655 2031 agendo,
679 1983 738 2028 jus
767 1984 898 2030 agendi
923 1983 1149 2029 perdidisset.
1170 1999 1185 2013 υ
1212 1999 1227 2013 α
1247 1982 1285 2018 Si
1313 1983 1416 2029 quis,
1446 1982 1494 2016 ait

158 2045 406 2089 Justinianus,
426 2046 566 2086 Instit„
593 2044 655 2078 lib.
682 2056 738 2088 1v,
758 2044 811 2079 tit.
835 2045 880 2078 de
900 2045 1071 2085 Actione,
1099 2055 1208 2091 agens
1235 2044 1273 2078 in
1291 2043 1494 2078 intentione

158 2105 213 2139 sui
240 2107 322 2150 plus
344 2107 554 2152 complexus
574 2105 702 2148 suerit,
723 2117 831 2151 quam
851 2104 897 2139 ad
917 2117 1000 2138 eum
1017 2105 1235 2150 pertineret,
1255 2117 1360 2139 eausa
1383 2104 1494 2138 cade-

158 2165 240 2207 bat,
255 2181 269 2194 »
293 2164 330 2199 id
349 2173 420 2209 est,
438 2179 514 2200 rem
537 2165 723 2199 amittebat
745 2176 812 2199 nec
831 2165 934 2199 facile
953 2164 992 2199 in
1016 2165 1198 2212 integrum
1217 2177 1237 2199 a
1259 2171 1415 2211 praetore
1434 2176 1496 2197 re—

163 2225 397 2268 stituebatur3
415 2225 484 2259 nisi
495 2225 616 2259 minor
628 2232 705 2259 erat
717 2224 845 2272 viginti
859 2225 1023 2272 quinque
1037 2225 1148 2260 annis.
1160 2224 1255 2259 Vide
1270 2226 1419 2267 Gaium,
1436 2236 1474 2257 1v
1486 2251 1495 2264 ,

161 2287 249 2319 Just,
292 2283 348 2320 53.
383 2286 427 2319 In
456 2286 625 2331 proximo
654 2297 744 2319 vero
781 2286 1012 2332 paragrapho
1056 2285 1216 2320 ostendit
1255 2284 1494 2327 Justinianus,

162 2358 289 2379 vocem
325 2346 417 2379 hanc
441 2347 529 2391 plus
565 2346 826 2392 quadrifariam
856 2345 1033 2392 intelligi:
1054 2357 1110 2389 re,
1141 2352 1321 2391 tempore,
1348 2345 1430 2378 loco
1461 2350 1497 2377 et

165 2417 282 2440 causa.
304 2407 439 2440 Pmnc.

215 2466 299 2499 Cn.
336 2466 533 2499 XXXVII.
563 2466 795 2507 Postulabat,
820 2473 857 2500 ut
881 2466 944 2500 illi.
969 2467 1052 2501 Haec
1071 2465 1148 2500 'fuit
1173 2477 1278 2500 causa
1304 2477 1313 2498 :
1341 2463 1496 2498 debebat

166 2525 314 2572 quidam
340 2526 443 2560 alteri
468 2532 600 2560 certam
626 2526 788 2572 pecuniae
813 2538 1008 2571 summam,
1032 2527 1256 2571 solvendam,
1280 2523 1383 2558 verbi
1413 2534 1496 2569 gra—

164 2584 232 2630 tia,
253 2585 400 2622 ineunte
414 2598 533 2620 mense
551 2586 736 2630 januari03
759 2588 857 2630 alter,
881 2600 941 2621 seu
952 2587 1100 2633 petitor,
1122 2600 1195 2621 non
1214 2582 1430 2631 exspectavit
1451 2582 1496 2616 ad
