1843 3166
705 184 847 220 ruma
878 185 946 219 111.
1443 172 1513 208 253

149 283 245 310 rum
274 285 536 330 quemquam
558 266 778 313 desidero:
815 267 879 312 vel
904 285 972 311 me
998 268 1094 312 licet
1119 270 1333 312 existimes
1363 269 1513 327 despe-

149 363 270 405 rare,
296 353 377 394 ista
399 367 523 411 posse
549 350 812 410 perdiscere,
833 349 920 402 vel,
947 349 989 392 id
1018 348 1135 409 quod
1159 348 1290 401 facio,
1317 357 1509 391 contem-

153 432 417 474 nere.'=Mihi
447 447 588 474 rerum
630 430 865 473 forensium
909 440 951 473 et
987 431 1285 474 communium
1324 426 1510 487 vulgaris

152 511 239 554 haec
266 512 455 572 cognitio
480 511 578 553 satis
601 526 756 570 magna
781 520 846 553 est
864 510 917 552 ad
943 526 1055 566 eam,
1082 525 1212 569 quam
1234 517 1401 568 specto,
1426 507 1511 550 elo-

150 593 405 649 quentiam:
445 607 496 634 ex
531 607 615 650 qua
654 591 743 651 ipsa
782 600 925 634 tamen
965 589 1180 651 permulta
1209 590 1379 645 nesci03
1420 604 1513 647 quae

152 681 243 714 tum
280 671 483 731 denique,
512 687 646 730 quum
685 688 815 714 causa
851 669 1020 732 aliqua,
1044 687 1138 730 quae
1175 687 1199 714 a
1236 686 1303 714 me
1331 667 1513 711 dicenda

149 760 235 807 est,
271 749 507 805 desiderat,
536 768 694 811 quaero.
731 751 1054 809 Quamobrem,
1091 752 1171 794 nisi
1207 751 1318 794 forte
1359 764 1402 792 es
1423 749 1513 809 Jam

150 829 359 887 defessus,
385 842 427 874 et
460 832 494 875 si
528 832 605 875 tibi
631 848 717 875 non
751 848 902 892 graves
928 848 1095 887 sumus,
1122 831 1230 874 refer
1259 830 1312 873 ad
1344 830 1415 873 illa
1450 839 1513 883 te,

149 929 242 971 quae
261 912 313 956 ad
331 913 463 972 ipsius
478 913 688 956 orationis
710 911 881 956 laudem
894 911 1254 972 splendoremque
1269 911 1510 971 pertinent:

149 1009 243 1051 quae
276 1009 357 1052 ego
396 1009 448 1035 ex
483 1003 525 1036 te
564 992 714 1036 audire
750 991 893 1048 volui,
933 1009 1022 1035 non
1051 1002 1098 1035 ut
1137 992 1406 1051 desperarem
1445 1007 1513 1033 me

149 1072 443 1133 eloquentiam
462 1074 667 1134 consequi
693 1090 841 1134 posse,
867 1073 941 1117 sed
967 1082 1015 1116 ut
1039 1072 1203 1133 aliquid
1230 1071 1510 1115 addiscerem.

212 1156 439 1198 XXXVII.
458 1183 521 1187 »-
538 1157 649 1198 Tum
671 1156 873 1210 Crassus,
901 1152 1182 1213 Pervulgatas
1206 1169 1272 1195 res
1299 1151 1485 1210 requiris
1501 1184 1512 1204 ,

151 1234 312 1293 inquit,
343 1244 386 1277 et
421 1234 498 1278 tibi
534 1251 622 1277 non
650 1234 912 1294 incognitas,
948 1231 1127 1293 Sulpici.
1168 1233 1279 1289 Quis
1305 1232 1419 1275 enim
1460 1230 1513 1274 de

151 1316 233 1358 isto
266 1331 422 1375 genere
455 1332 543 1358 non
572 1315 744 1370 docuit,
771 1332 858 1358 non
884 1315 1092 1368 instituit,
1115 1330 1204 1356 non
1228 1313 1357 1356 etiam
1381 1313 1513 1372 scrip-

155 1405 247 1438 tum
271 1394 477 1455 reliquit?
500 1395 583 1439 Sed
608 1411 752 1455 geram
786 1411 972 1449 morem,
1002 1403 1044 1436 et
1076 1409 1124 1435 ea
1152 1392 1391 1448 duntaxat,
1418 1408 1514 1451 quae

150 1475 256 1518 mihi
284 1485 384 1519 nota
409 1485 532 1528 sunt,
557 1475 746 1518 breviter
783 1489 997 1534 exponam
1024 1472 1124 1529 tihi;
1159 1472 1344 1516 censebo
1368 1481 1512 1515 tamen

148 1554 202 1599 ad
224 1571 316 1610 eos,
342 1556 416 1615 qui
442 1564 640 1598 auctores
670 1564 713 1598 et
732 1555 980 1597 inventores
1004 1562 1105 1595 sunt
1131 1553 1289 1595 harum
1309 1568 1410 1595 sane
1430 1552 1509 1594 mi-

149 1645 354 1679 nutarum
369 1652 538 1690 rerum,
563 1633 882 1678 revertendum.

170 1727 177 1754 'r
212 1717 366 1760 Omnis
387 1715 519 1776 igitur
544 1716 683 1758 oratio
707 1714 937 1758 conficitur
961 1730 1012 1757 ex
1030 1714 1200 1757 verbis:
1226 1730 1413 1773 quorum
1430 1713 1512 1773 pri-

148 1812 267 1839 mum
301 1795 424 1839 nobis
461 1796 571 1838 ratio
603 1794 854 1855 simpliciter
888 1793 1073 1838 videnda
1107 1804 1190 1849 est,
1222 1793 1379 1837 deinde
1408 1809 1512 1836 con-

143 1877 305 1936 juncte.
340 1876 452 1919 Nam
477 1885 540 1919 est
563 1874 740 1935 quidam
765 1884 945 1918 ornatus
971 1874 1199 1930 orationis,
1231 1874 1307 1934 qui
1337 1890 1389 1917 ex
1425 1873 1512 1916 sin-

149 1954 260 2016 gulis
289 1955 428 1999 verbis
452 1965 533 2010 est;
562 1953 690 2011 alius,
714 1954 788 2013 qui
820 1970 871 1997 ex
895 1954 1159 1997 continuatis
1179 1953 1512 2012 conjunctisque

148 2045 328 2079 constat.
358 2037 476 2096 Ergo
500 2045 674 2078 utemur
694 2034 835 2078 verbis
864 2044 940 2077 aut
963 2035 1032 2089 iis,
1060 2051 1154 2093 quae
1184 2034 1362 2094 propria
1382 2042 1508 2086 sunt,

147 2126 189 2159 et
220 2125 338 2159 certa
361 2116 481 2175 quasi
506 2114 718 2159 vocabula
743 2131 908 2170 rerum,
936 2131 1056 2175 paene
1079 2131 1167 2157 una
1190 2123 1294 2157 nata
1315 2129 1415 2156 cum
1443 2129 1511 2156 re-

147 2197 226 2239 bus
256 2196 377 2256 ipsis;
401 2205 475 2239 aut
504 2196 576 2252 iis,
604 2212 698 2255 quae
722 2194 1058 2251 transferuntur,
1081 2205 1124 2238 et
1152 2194 1274 2254 quasi
1302 2192 1442 2237 alieno
1468 2194 1512 2235 in

147 2275 242 2319 loco
263 2274 551 2329 collocantur3
577 2285 652 2318 aut
672 2275 721 2318 iis
737 2309 748 2331 ,
773 2291 867 2334 quae
893 2291 1124 2328 novamus,
1147 2284 1190 2317 et
1211 2274 1391 2317 facimus
1415 2273 1510 2333 ipsi.

209 2358 260 2398 In
281 2355 468 2415 propriis
495 2365 559 2398 est
578 2355 710 2415 igitur
738 2355 879 2398 verbis
908 2353 980 2397 illa
1017 2353 1110 2398 laus
1136 2354 1340 2410 oratoris,
1365 2363 1411 2397 ut
1435 2353 1511 2396 ab·

142 2438 260 2497 jecta
286 2445 416 2495 atque
440 2434 635 2479 obsoleta
662 2435 821 2495 fugiat,
855 2434 975 2479 lectis
997 2445 1126 2495 atque
1150 2435 1389 2482 illustribus
1415 2443 1512 2476 uta-

147 2527 233 2572 tur,
262 2516 306 2558 in
327 2516 483 2575 quibus
514 2513 692 2575 plenum
723 2514 930 2574 quiddam
960 2525 1003 2558 et
1037 2532 1193 2559 sonans
1217 2516 1354 2558 inesse
1374 2513 1511 2557 videa-

147 2606 231 2639 tur.
266 2595 353 2639 Sed
380 2595 425 2638 in
463 2596 545 2638 hoe
570 2595 801 2638 verborum
837 2611 993 2655 genere
1022 2597 1296 2656 propriorum
1322 2593 1511 2638 delectus
