1843 3166
603 224 1000 261 ADNOTATIONES.
1411 223 1430 257 3
1440 236 1451 257 1
1464 223 1484 257 5

183 303 395 337 Paullulum
413 315 453 337 se
470 301 621 336 erexit...
644 303 853 349 Antipater.
882 302 936 336 De
957 312 1032 347 quo
1045 327 1054 343 ‚
1082 298 1118 332 in
1139 300 1251 333 Bruto
1265 327 1274 344 ‚
1296 312 1394 334 xxv1.

181 364 266 398 Cn.
291 363 396 398 XIII.
429 362 614 397 Varietate
632 363 798 397 locorum.
826 361 871 396 Id
890 368 960 406 est,
988 360 1203 408 regionum3
1224 366 1258 394 et
1280 359 1330 394 ita
1358 360 1487 394 Cicero

130 424 167 458 in
195 436 274 470 cap.
304 423 492 471 sequenti,
524 434 641 469 quum
671 422 717 457 de
742 422 902 457 historiae
938 422 1082 469 legibus
1106 432 1225 455 sermo
1256 427 1330 464 est,
1357 420 1447 455 dicit
1478 434 1485 454 ε

129 502 142 515 «
164 486 302 520 Rerum
336 484 430 520 ratio
455 483 623 518 ordinem
651 490 862 530 temporum
894 482 1101 526 desiderat,
1124 480 1319 529 regionum
1347 481 1489 516 descri-

128 546 304 593 ptionem.
327 564 342 577 ‚2
364 547 497 580 PEAnc.

180 608 287 641 Hunc
313 613 522 641 consecutus
550 612 641 640 est...
676 605 868 640 Philistus.
896 604 1018 640 Patria
1042 602 1258 651 Syracusius
1290 600 1329 635 in
1356 600 1488 636 Sicilia.

128 668 278 711 Cicero,
302 668 366 702 lib.
398 680 449 712 11,
475 668 596 714 Epist.
627 668 682 701 ad
707 667 878 712 Quintum
889 666 1054 712 fratrem
1078 677 1090 698 .·
1120 680 1135 695 «
1154 664 1320 707 Siculus,
1347 662 1490 709 inquit,

126 729 185 764 ille
210 729 392 776 capitalis,
412 730 554 774 creber,
581 736 731 773 acutus,
750 729 872 764 brevis
887 756 896 773 ,
922 739 1026 775 paene
1045 726 1200 773 pusillus
1229 723 1489 772 Thucydide53

126 790 190 825 sed
213 797 319 825 utros
342 790 420 836 ejus
438 790 614 825 habueris
633 789 748 825 libros
768 788 860 838 (duo
881 789 978 824 enim
998 794 1083 823 sunt
1102 785 1275 836 corpora)
1295 798 1342 821 an
1360 792 1488 820 utros-

125 863 215 898 que,
235 851 381 886 nescio:
402 851 517 899 magis
536 863 593 885 me
613 850 659 886 de
678 851 858 898 Dionysio
878 851 1056 893 delectat3
1076 847 1276 896 Dionysius
1301 847 1398 882 enim
1420 858 1478 881 ve-

127 919 265 948 terator
277 912 476 956 maximus,
496 919 532 946 et
550 911 806 958 perfamiliaris
818 911 982 947 Philisto.
998 925 1013 942 ι)
1034 910 1191 954 Fabius,
1210 909 1273 943 lib.
1297 921 1320 942 x
1341 920 1348 942 :
1368 923 1382 939 «
1402 907 1491 942 Phi*

124 973 245 1018 listus‚
277 974 344 1017 ait,
372 986 526 1021 quoque
553 980 727 1017 meretur,
759 973 825 1020 qui
852 973 970 1007 turbae
995 971 1162 1019 quamvis
1191 970 1380 1005 bonorum
1406 975 1490 1015 post

124 1035 192 1068 hos
221 1040 415 1068 auctorum
437 1033 629 1077 eximatur,
654 1034 817 1068 imitator
838 1032 1086 1080 Thucydidis,
1114 1039 1150 1067 et
1173 1038 1214 1066 ut
1241 1031 1359 1065 multo
1383 1028 1490 1063 infir-

124 1095 232 1139 mior,
261 1095 310 1129 ita
346 1094 579 1142 aliquatenus
610 1095 782 1130 lucidior.
808 1096 973 1130 TALAEUS.
1003 1093 1100 1128 Vide
1127 1094 1294 1128 CORNEL.
1319 1092 1488 1134 Nevor,

129 1157 198 1191 Vit.
226 1158 333 1193 Dion.
350 1183 361 1199 ,
388 1169 448 1191 111.

183 1219 303 1264 Quasi
318 1231 365 1252 ex
383 1218 587 1252 clarissima
609 1218 760 1252 rhetoris
779 1215 938 1264 officina.
956 1232 970 1248 »
989 1216 1069 1251 MS.
1095 1216 1197 1251 Harl.
1216 1217 1244 1250 I.
1265 1215 1364 1249 hunc
1387 1213 1490 1248 ordi-

125 1291 207 1313 nem
221 1279 425 1314 verborum
445 1286 582 1323 servat,
597 1291 644 1313 ex
662 1278 871 1313 clarissima
891 1278 1000 1325 quasi
1017 1277 1170 1311 rhetoris
1189 1276 1339 1322 Qfficina
1350 1301 1361 1317 ‚
1375 1275 1489 1316 bene;

125 1352 244 1386 quum
281 1340 376 1375 enim
402 1352 478 1374 vox
511 1341 622 1387 quasi
655 1340 702 1374 ad
729 1339 805 1374 vim
841 1339 954 1374 solius
980 1338 1083 1373 vocis
1119 1338 1268 1384 officina
1298 1335 1491 1371 levandam

125 1408 337 1448 usurpetur,
358 1402 470 1449 longe
497 1401 544 1436 ab
569 1413 612 1436 ea
643 1401 768 1435 abesse
797 1412 875 1434 non
896 1399 1018 1434 debet.
1041 1398 1102 1433 Sic
1128 1399 1275 1440 Cicero,
1301 1398 1348 1430 de
1374 1396 1491 1442 Legi-r

124 1463 188 1497 bus
202 1489 213 1505 ‚
236 1475 267 1506 1,
292 1463 334 1498 13
360 1476 368 1497 ε
389 1479 403 1494 «
425 1462 641 1509 Philosophi
660 1461 765 1509 quasi
785 1460 950 1496 officinas
975 1459 1233 1494 instruxerunt
1252 1456 1458 1504 sapientiae3
1475 1472 1490 1487 »

124 1531 159 1558 et
178 1524 217 1557 in
245 1525 383 1566 Bruto,
407 1535 437 1557 c.
457 1536 531 1558 v111
555 1536 563 1557 ε
585 1539 599 1554 «
619 1525 761 1558 Domus
786 1521 959 1557 Isocratis
983 1520 1090 1567 quasi
1114 1520 1225 1554 ludus
1253 1518 1407 1565 quidam
1433 1524 1489 1553 at-

126 1596 200 1630 que
230 1583 379 1618 officina
403 1584 570 1627 dicendi,
596 1591 663 1618 etc.
684 1584 823 1616 Pmnc.
846 1597 861 1613 »
878 1601 930 1606 —
948 1581 1030 1615 Sch.
1052 1581 1129 1614 haec
1146 1579 1261 1613 verba
1281 1594 1296 1609 «
1312 1578 1418 1624 quasi
1444 1590 1489 1612 ex

126 1644 284 1680 rhetoris
304 1643 481 1678 officina»
501 1643 657 1688 delevit,
677 1655 758 1689 quae
787 1640 1032 1676 Ruhnkenius
1045 1667 1054 1684 ‚
1075 1640 1168 1674 Hist.
1195 1639 1270 1673 crit.
1294 1647 1384 1673 orat.
1410 1651 1463 1685 gr.
1476 1665 1488 1680 ,

125 1718 160 1751 p.
192 1717 249 1749 17,
277 1716 296 1738 a
323 1704 449 1739 Sciolo
474 1704 641 1751 quodam
667 1715 712 1738 ex
737 1704 873 1746 Bruto,
904 1714 1000 1747 vul,
1029 1707 1065 1736 et
1093 1700 1222 1742 Orat.‚
1251 1711 1320 1743 xv,
1347 1698 1491 1745 adjecta

126 1778 201 1801 esse
225 1765 416 1811 judicavit.

181 1827 439 1874 Theopompus
466 1834 502 1861 et
522 1825 707 1872 Ephorus.
736 1825 1025 1871 Theopompus,
1055 1822 1168 1860 Chius
1190 1822 1330 1869 patria,
1350 1822 1489 1865 rhetor,

127 1887 223 1922 filius
242 1886 517 1931 Damasistrati,
542 1885 671 1920 floruit
691 1885 902 1933 olympiade
925 1886 997 1933 933
1016 1898 1092 1932 quo
1116 1884 1225 1919 etiam
1245 1890 1413 1929 tempore
1430 1881 1490 1915 vi-

129 1948 208 1997 guit
241 1949 436 1996 Ephorus,
464 1947 543 1994 ejus
566 1946 865 1993 condiscipulus,
892 1953 929 1981 et
949 1945 1120 1982 Isocratis
1148 1944 1308 1979 auditor.
1335 1942 1490 1990 Scripsit

126 2010 393 2057 Theopompus
425 2009 612 2056 epitomen
636 2007 876 2042 historiarum
903 2007 1088 2043 Herodoti
1118 2005 1223 2041 libris
1261 2005 1426 2049 duobus,
1455 2011 1491 2039 et

129 2070 333 2117 Philippica
357 2070 463 2105 libris
495 2082 621 2114 Lxxu,
646 2076 682 2104 et
704 2081 838 2116 graecas
855 2068 1026 2104 historias
1052 2068 1155 2103 libris
1190 2079 1241 2111 11,
1262 2065 1467 2101 continenti
1488 2086 1491 2089 -

129 2132 198 2166 hus
212 2131 258 2166 de
276 2131 375 2166 bello
397 2129 710 2179 peloponnesiaco
723 2141 782 2174 ea,
801 2142 883 2176 quae
900 2141 921 2164 a
933 2129 1152 2178 Thucydide
1170 2127 1298 2163 relicta
1327 2126 1489 2161 fuerunt.

129 2194 186 2227 lta
213 2192 355 2227 Suidas.

182 2254 268 2289 CAP.
289 2255 393 2289 xlv.
418 2253 448 2288 C
448 2253 673 2289 allistlzenes.
693 2252 815 2287 Patria
841 2252 1060 2300 Olynthius3
1082 2252 1129 2286 ab
1154 2250 1367 2294 Aristotele,
1387 2247 1492 2294 cujus

129 2314 376 2350 consobrinus
396 2321 490 2359 erat,
510 2314 617 2349 datus
637 2320 690 2348 est
716 2325 838 2348 comes
851 2313 1063 2348 Alexandro
1081 2314 1220 2359 Magno
1232 2339 1242 2356 ,
1260 2317 1302 2346 ut
1320 2322 1405 2345 eum
1431 2321 1491 2344 se-

131 2382 321 2423 queretur,
347 2381 383 2409 et
407 2387 465 2409 res
486 2374 689 2410 Alexandri
712 2373 896 2408 memoriae
920 2373 1108 2420 proderet.
1135 2375 1172 2408 Is
1189 2379 1364 2420 praeterea
1383 2370 1493 2406 etiam

128 2436 338 2483 composuit
369 2435 561 2470 historiam
587 2436 916 2482 philosophorum,
949 2441 990 2469 ut
1016 2435 1067 2469 ait
1093 2434 1277 2482 Diogenes
1306 2431 1490 2474 Laertius,

129 2504 164 2532 et
184 2497 343 2532 troicum
360 2497 516 2541 bellum,
539 2503 582 2531 ut
607 2496 656 2531 ait
675 2496 803 2531 Cicero
822 2495 861 2531 in
880 2496 998 2543 Epist.
1018 2496 1071 2530 ad
1087 2497 1192 2530 Fam.
1213 2496 1302 2529 TAL-

183 2558 363 2592 Illinimus
382 2565 505 2591 natu...
525 2558 696 2591 Timoeus.
717 2556 956 2591 Tauromenii
974 2557 1013 2591 in
1035 2556 1156 2592 Sicilia
1175 2562 1299 2597 natus;
1321 2553 1394 2588 300
1415 2552 1489 2586 cir-

130 2619 219 2654 citer
252 2625 334 2653 ante
360 2618 546 2653 Christum
573 2618 674 2652 annis
706 2617 853 2654 floruit.
883 2625 1058 2666 regnante
1086 2617 1309 2666 Agathocle,
1336 2614 1412 2657 cui,
1439 2613 1489 2647 ob
