1843 3166
354 285 373 315 (ἶ
866 286 930 318 DE
957 285 1191 320 ORATORE

354 376 474 422 sunt,
497 369 688 427 exposita
715 369 906 426 praemia,
934 367 998 410 vel
1023 368 1075 411 ad
1100 369 1300 429 gratiam,
1325 367 1388 411 vel
1416 367 1469 411 ad
1495 384 1616 427 ope8‚
1636 368 1701 412 vel

353 446 404 488 ad
425 446 690 507 dignitatem.
720 448 893 507 Ingenia
925 464 1025 490 vero
1054 447 1132 507 (ut
1155 446 1302 490 multis
1328 449 1452 490 rebus
1477 463 1702 506 possumus

347 524 571 583 judicare)
606 536 850 570 nostrorum
879 527 1106 570 hominum
1136 526 1320 570 multum
1344 528 1494 570 ceteris
1517 526 1702 570 homini-

353 606 430 648 bus
457 608 649 649 omnium
679 608 872 667 gentium
902 608 1204 666 praestiterunt.

413 687 584 740 Quibus
615 686 667 729 dc
703 688 862 741 causis,
892 688 987 746 quis
1020 704 1106 730 non
1128 688 1225 747 jure
1258 688 1463 742 miretur,
1503 704 1553 729 ex
1584 689 1701 730 omni

353 767 556 808 memoria
585 776 778 821 aetatum,
809 777 1072 826 temporum,
1105 768 1350 817 civitatum,
1382 777 1468 809 tam
1499 767 1699 827 exiguum

350 854 570 887 oratorum
602 862 829 889 numerum
871 847 1084 890 inveniri?
1110 847 1191 890 Sed
1229 848 1432 889 nimirum
1468 846 1605 905 majus
1638 856 1702 889 est

349 924 430 967 hoe
454 925 678 983 quiddam,
710 943 840 985 quam
864 927 1059 970 homines
1088 928 1342 986 opinantur,
1365 936 1406 969 et
1432 924 1628 985 pluribus
1651 941 1702 968 ex

347 1004 510 1047 artibus
534 1005 771 1064 studiisque
794 1006 1037 1050 collectum.

415 1086 462 1127 V.
499 1086 610 1140 Quis
648 1088 759 1128 enim
801 1086 943 1141 aliud,
985 1089 1026 1130 in
1068 1089 1252 1130 maxima
1293 1088 1546 1130 discentium
1587 1086 1700 1130 mul-

348 1163 558 1219 titudine,
596 1182 763 1208 summa
805 1168 1109 1226 magistrorum
1157 1169 1298 1226 eopia,
1337 1167 1700 1226 praestantissimis

347 1242 573 1286 hominum
601 1245 801 1302 ingeniis,
827 1245 993 1288 infinita
1023 1262 1248 1289 causarum
1278 1246 1502 1301 varietate,
1525 1245 1700 1306 amplis-

348 1322 464 1365 simis
495 1321 750 1381 eloquentiae
777 1325 1009 1383 propositis
1033 1324 1238 1383 praemiis‘,
1266 1340 1356 1366 esse
1383 1341 1519 1366 causae
1551 1333 1699 1383 putet,

347 1402 427 1444 nisi
447 1404 505 1445 rei
525 1403 737 1461 quandam
758 1403 1048 1446 incredibilem
1069 1403 1432 1464 magnitudinem,
1453 1420 1500 1447 ac
1517 1403 1700 1449 difficul-

348 1491 491 1525 tatem.
513 1485 585 1526 Est
601 1484 714 1525 enim
741 1493 783 1526 ct
806 1485 984 1528 scientia
1005 1484 1409 1545 comprehendenda
1433 1501 1578 1528 rerum
1604 1485 1699 1544 plu-

346 1565 552 1605 rimarum
573 1598 583 1617 ‚
611 1564 699 1606 sine
727 1582 809 1623 qua
841 1566 1071 1607 verborum
1102 1564 1347 1608 volubilitas
1378 1565 1542 1621 inanis,
1570 1574 1698 1624 atque

346 1640 562 1684 irridenda
597 1653 661 1686 cst
695 1661 702 1685 :
738 1653 778 1686 ct
808 1645 898 1704 ipsz.
927 1646 1064 1688 oratio
1093 1644 1418 1700 conformanda,
1446 1661 1532 1688 non
1557 1642 1696 1687 solum

345 1718 572 1773 electione,
596 1722 668 1764 sed
694 1723 822 1765 etiam
851 1725 1174 1767 constructione
1197 1722 1427 1766 verborum
1450 1740 1459 1766 ε
1484 1732 1527 1766 et
1549 1739 1697 1766 omnes

344 1800 587 1843 animorum
616 1812 780 1854 motus,
808 1820 915 1862 quos
943 1804 1168 1846 hominum
1203 1805 1349 1864 generi
1374 1820 1518 1847 rerum
1543 1812 1697 1847 natura

344 1879 515 1935 tribuit,
546 1883 716 1940 penitus
747 1884 1058 1941 pernoscendi3
1087 1883 1201 1943 quod
1238 1885 1376 1927 omnis
1407 1886 1469 1928 vis
1503 1885 1698 1945 ratioque

344 1959 533 2013 dicendi,
558 1962 600 2003 in
623 1978 793 2017 eorum,
818 1965 892 2022 qui
917 1963 1118 2018 audiunt,
1141 1962 1357 2007 mentibus
1381 1974 1455 2007 aut
1478 1964 1695 2016 sedandis,

342 2048 415 2081 aut
445 2040 681 2084 excitandis
711 2043 999 2101 expromenda
1030 2053 1106 2086 est.
1136 2043 1322 2087 Accedat
1349 2044 1499 2086 eodem
1526 2054 1696 2103 oportet

342 2117 459 2178 lepos
485 2120 660 2177 quidam
687 2121 953 2180 facetiaeque,
978 2132 1021 2165 et
1044 2123 1230 2166 eruditio
1254 2122 1388 2166 libero
1411 2123 1557 2183 digna,
1583 2122 1694 2168 cele-

341 2199 529 2256 ritasque
548 2210 588 2241 et
615 2199 802 2243 brevitas
830 2211 873 2243 et
897 2201 1185 2261 respondendi
1208 2211 1249 2245 et
1273 2201 1524 2257 lacessendi,
1547 2201 1693 2247 subtili

343 2287 564 2321 venustate
593 2288 720 2338 atque
743 2280 985 2324 urbanitate
1013 2283 1256 2341 conjuncta.

403 2358 605 2400 Tenenda
630 2369 833 2417 praeterea
856 2370 920 2403 est
942 2362 1079 2404 omnis
1101 2363 1351 2421 antiquitas,
1377 2362 1691 2423 exemplorum-

343 2452 423 2496 que
451 2437 513 2479 vis
541 2454 550 2478 ε
579 2454 718 2496 neque
746 2438 911 2498 legum,
945 2451 1018 2483 aut
1046 2442 1155 2499 juris
1185 2441 1319 2484 civilis
1351 2443 1525 2485 scientia
1555 2443 1690 2503 negli-

342 2515 478 2575 genda
504 2526 580 2559 est.
611 2519 725 2561 Nam
752 2517 855 2576 quid
884 2536 963 2579 ego
989 2519 1041 2562 de
1074 2521 1241 2564 actione
1266 2522 1356 2581 ipsa
1380 2520 1502 2582 plura
1525 2521 1689 2565 dicam?

340 2609 431 2650 quae
459 2604 580 2638 motu
612 2598 822 2655 corporis,
856 2613 948 2656 quae
978 2608 1121 2658 gestu,
1150 2616 1242 2659 quae
1277 2601 1418 2655 vultu,
1447 2617 1540 2660 quae
1570 2601 1687 2643 vocis

340 2673 678 2718 conformatione
700 2692 749 2719 ac
771 2678 977 2720 varietate
994 2679 1255 2722 moderanda
1276 2691 1340 2723 est
1360 2698 1368 2722 ε
1390 2697 1483 2739 quae
1503 2680 1590 2724 sola
1611 2698 1687 2741 per
