1843 3166
669 200 811 234 LIBER
838 200 904 234 111.
1399 213 1418 236 2
1429 203 1471 248 :37

120 289 161 323 et
197 296 394 324 murmur
421 282 571 333 maris,
606 292 645 325 et
686 281 869 325 dulcedo
907 281 1134 335 orationis,
1170 293 1271 326 sunt
1298 284 1426 327 ducta
1449 301 1472 328 a

119 360 274 403 ceteris
298 360 492 404 sensibus
508 376 519 414 ;
538 359 608 403 illa
635 376 736 404 vero
761 358 986 403 oculorum
1014 359 1151 403 multo
1174 362 1360 417 acriora,
1380 379 1473 421 quae

119 449 288 498 ponunt
310 455 428 499 paene
448 439 491 481 in
511 448 744 499 conspectu
768 439 923 494 animi,
953 455 1046 498 quae
1066 455 1241 482 cernere
1265 449 1307 482 et
1331 440 1474 484 videre

118 534 205 561 non
234 534 470 579 possumus.
506 517 627 562 Nihil
659 527 722 561 est
757 519 872 561 enim
900 519 944 561 in
972 534 1117 561 rerum
1139 528 1320 575 natura,
1352 520 1475 581 cujus

120 614 199 640 nos
221 613 308 641 non
328 598 368 639 in
389 595 483 640 aliis
507 597 638 641 rebus
664 599 877 658 possimus
897 598 960 640 uti
976 596 1185 641 vocabulo
1207 608 1250 641 et
1271 600 1473 642 nomine:

119 677 234 720 unde
267 678 383 720 enim
410 677 548 721 simile
572 678 669 721 duci
705 687 844 738 potest
882 677 1047 739 (potest
1082 687 1224 721 autem
1257 694 1307 721 ex
1337 679 1476 722 omni-

118 756 243 817 bus),
273 757 465 801 indidem
498 759 678 802 verbum
705 775 862 812 unum,
889 758 1004 818 quod
1029 757 1356 801 similitudinem
1381 775 1477 802 con-

118 838 246 891 tinet,
271 837 528 881 translatum
544 873 555 895 ‚
580 837 726 881 lumen
748 838 874 881 affert
899 839 1100 882 orationi.

179 919 281 974 Quo
317 919 358 961 in
388 935 543 979 genere
577 920 764 979 primum
805 919 1008 979 fugienda
1046 929 1110 962 est
1135 917 1438 963 dissimilitudo
1466 936 1474 961 ε

116 1018 137 1038 α
153 997 261 1043 Coeli
288 999 482 1059 ingentes
506 998 704 1042 fornices.
724 1019 744 1038 »
767 999 980 1055 Quamvis
1003 999 1214 1059 sphaeram
1235 999 1277 1041 in
1305 1015 1476 1042 scenam

115 1077 131 1128 ('
145 1088 194 1120 ut
218 1078 404 1138 dicitur)
430 1077 623 1122 attulerit
645 1080 833 1136 Ennius3
867 1089 1010 1123 tamen
1045 1081 1089 1122 in
1115 1080 1282 1140 sphaera
1301 1079 1477 1122 fornicis

117 1156 355 1201 similitudo
380 1174 467 1201 non
490 1169 632 1218 potest
655 1161 804 1203 inesse.

221 1280 579 1289 ..........
611 1255 722 1299 Vive,
740 1256 889 1302 Ulysscs
902 1282 911 1299 ‚
933 1255 1020 1290 dum
1038 1257 1140 1300 licet3

221 1314 348 1351 Oculis
368 1321 595 1361 postremum
615 1316 738 1350 lumen
756 1316 939 1351 radiatum
952 1329 1053 1363 rape.

117 1398 218 1440 Non
248 1397 375 1452 dixit,
398 1416 417 1437 «
433 1414 557 1457 cape3
573 1418 593 1438 ³>
619 1415 725 1452 non,
749 1408 900 1458 «petez
919 1418 938 1438 n
963 1399 1142 1442 haberet
1166 1400 1281 1441 enim
1309 1416 1476 1443 moram

115 1478 329 1537 sperantis
354 1477 516 1520 diutius
549 1494 639 1521 esse
662 1494 752 1521 sese
785 1478 1024 1532 victur-mm
1056 1478 1128 1521 sed
1152 1498 1172 1519 «
1192 1495 1295 1539 rape
1317 1496 1326 1522 ε
1346 1499 1365 1519 n
1397 1480 1480 1522 hoc

117 1557 296 1601 verbum
324 1566 388 1600 est
415 1556 470 1600 ad
494 1557 537 1600 id
565 1567 778 1617 aptatum,
799 1558 916 1617 quod
943 1567 1041 1601 ante
1061 1557 1250 1613 dixerat,
1273 1577 1292 1597 a
1307 1558 1409 1601 dum
1432 1557 1461 1600 li

117 1646 197 1680 cet.
213 1655 233 1677 »

180 1717 296 1759 XLI.
322 1714 491 1758 Deinde
517 1713 753 1758 videndum
789 1724 872 1771 est⁷
899 1731 954 1757 ne
981 1714 1109 1775 longe
1134 1714 1271 1758 simile
1294 1716 1347 1758 sit
1378 1714 1476 1759 duc-

119 1806 223 1839 tum.
249 1795 442 1854 «Syrtim
461 1795 730 1854 patrimonii,
749 1815 770 1836 »
801 1793 1025 1855 scopulum
1048 1794 1250 1838 libentius
1274 1794 1478 1850 dixerim;

118 1895 137 1915 ι(
154 1855 418 1934 Charybdim
441 1875 676 1932 bonorum,
691 1895 710 1916 »
727 1876 976 1936 voraginem
994 1876 1138 1936 potius
1156 1893 1164 1918 ε
1181 1874 1349 1919 facilius
1364 1876 1479 1918 enim

118 1953 173 1997 ad
201 1970 268 2011 ea,
296 1970 389 2014 quae
409 1956 519 2010 visa,
547 1970 675 2014 quam
695 1953 747 1998 ad
764 1954 862 2010 illa,
890 1972 984 2015 quae
1008 1954 1156 1998 audita
1178 1964 1299 2010 sunt,
1325 1955 1482 1997 mentis
1510 1966 1513 1971 '

119 2033 233 2077 oculi
253 2034 464 2078 feruntur.
485 2037 539 2078 Et
554 2036 759 2094 quoniam
777 2034 867 2078 haec
888 2033 954 2077 vel
978 2051 1146 2077 summa
1161 2033 1252 2077 laus
1277 2043 1339 2076 est
1361 2034 1480 2076 verbi

123 2113 430 2169 transferendi,
456 2124 505 2158 ut
531 2131 702 2158 sensum
730 2114 852 2157 feriat
872 2114 935 2168 id,
968 2113 1085 2173 quod
1117 2112 1374 2156 translatum
1403 2113 1481 2168 sit3

121 2193 327 2254 fugienda
352 2205 415 2238 est
432 2196 571 2238 omnis
596 2194 823 2255 turpitudo
848 2211 995 2238 earum
1022 2211 1189 2250 rerum,
1215 2193 1268 2237 ad
1285 2209 1391 2253 quas
1417 2209 1483 2236 eo-

123 2290 219 2316 rum
244 2274 435 2330 animos,
450 2275 525 2334 qui
550 2274 752 2330 audiunt,
774 2274 918 2317 trahet
938 2273 1188 2316 similitudo.

183 2352 297 2396 Nolo
323 2362 461 2396 morte
493 2353 576 2397 dici
596 2354 789 2398 Africani
809 2372 829 2393 α
845 2362 1107 2396 castratam»
1129 2369 1219 2396 esse
1243 2351 1480 2413 rempubli-

120 2447 233 2481 cam;
268 2431 369 2475 nolo
399 2441 594 2476 «stercus
628 2434 790 2476 curiae»
823 2432 905 2475 dici
930 2431 1185 2475 Glauciam:
1210 2433 1404 2491 quamvis
1431 2433 1484 2474 sit

124 2510 284 2567 simile,
311 2521 454 2555 tamen
492 2521 553 2554 est
586 2513 630 2554 in
662 2522 846 2571 utroque
870 2511 1076 2554 deformis
1103 2512 1307 2571 cogitatio
1331 2508 1481 2553 simili-

125 2591 300 2634 tudinis.
320 2591 435 2636 Nolo
459 2608 548 2635 esse
572 2602 645 2635 aut
664 2592 827 2651 majus,
846 2608 975 2651 quam
1002 2608 1069 2634 res
1086 2589 1300 2651 postulet,
1326 2591 1483 2633 «Tem-

319 2688 363 2714 11.
1244 2683 1283 2714 17
