1843 3166
383 313 400 333 ν
409 313 427 333 ¹1.
899 301 962 335 DE
991 301 1192 335 ORATOR
1201 301 1226 334 E

380 384 554 443 quando
583 402 692 445 opus
726 387 829 439 crit,
864 402 1016 428 ornare
1051 385 1259 438 (licendo,
1296 385 1327 426 si
1363 384 1491 427 modo
1525 394 1653 427 erunt
1686 385 1738 428 ad

379 480 476 506 eum
501 463 659 520 delata,
685 475 727 507 et
753 463 919 507 tradita.

441 546 557 587 XVI.
593 546 761 588 Etenim
788 546 820 586 si
849 554 1016 587 constat
1043 547 1152 587 inter
1176 543 1348 600 ‹lm-tos,
1373 544 1590 586 homiuem
1617 544 1737 603 igna-

379 640 475 666 rum
518 622 788 683 astrologioe,
826 626 1032 678 Aratum,
1071 624 1352 666 ornatissimis
1393 632 1521 681 atque
1562 623 1735 683 optimis

380 704 570 747 versibus
596 704 648 747 de
673 703 779 747 coelo
804 703 1019 763 stellisque
1045 703 1197 745 dixisse
1223 720 1231 745 τ
1261 703 1294 745 si
1321 701 1373 745 de
1408 702 1535 745 rebus
1564 703 1734 745 rusticis

377 784 596 827 hominem
632 785 684 827 ab
711 801 813 844 agro
839 785 1195 838 remotissimum,
1221 781 1490 825 Nicandrum
1516 780 1733 842 Colopho-

377 865 517 919 nium,
544 866 709 924 poetica
735 863 919 923 quadam
947 862 1166 918 facultate,
1194 879 1280 905 non
1306 863 1487 916 rustica,
1515 862 1732 922 scripsisse

376 943 577 1003 praeclare
605 962 613 986 :
650 944 754 1004 quid
786 953 867 999 est,
902 961 980 987 cur
1012 960 1099 986 non
1132 951 1279 986 orator
1310 941 1362 984 (le
1398 941 1524 984 rebus
1558 943 1606 984 iis
1641 940 1730 985 elo-

374 1025 651 1082 quentissime
685 1024 820 1080 dicat,
854 1040 958 1082 quas
993 1022 1047 1066 ad
1080 1031 1239 1066 certam
1273 1038 1444 1066 causam
1474 1031 1731 1082 tempusque

372 1105 593 1164 cognorit?

434 1187 509 1228 Est
536 1186 647 1227 enim
675 1185 882 1248 finitimus
907 1185 1067 1227 oratori
1093 1193 1238 1244 poeta,
1268 1184 1459 1238 numeris
1483 1182 1737 1242 adstrictior

372 1265 524 1325 paulo,
558 1266 790 1308 verborum
826 1274 968 1307 autem
1003 1263 1173 1307 licentia
1209 1263 1407 1320 liberior,
1442 1261 1588 1308 multis
1624 1279 1727 1307 vero

372 1344 553 1386 ornandi
581 1344 809 1404 generibus
835 1344 993 1398 socius,
1020 1360 1068 1386 ac
1095 1359 1213 1403 paene
1237 1360 1315 1403 par
1337 1359 1345 1385 :
1373 1344 1416 1385 in
1445 1343 1528 1386 hoc
1552 1342 1725 1403 quidem

373 1434 485 1467 certe
514 1441 648 1485 prope
681 1423 816 1478 idem,
842 1422 969 1466 nullis
995 1433 1041 1466 ut
1074 1424 1266 1475 terminis
1297 1423 1621 1466 circumscribat
1649 1433 1723 1467 aut

369 1503 544 1547 definiat
568 1494 637 1565 jus
662 1521 812 1559 suum,
837 1521 924 1564 quo
948 1505 1089 1547 minus
1114 1505 1151 1548 ei
1176 1503 1300 1547 liceat
1329 1503 1476 1547 eadem
1500 1502 1572 1547 illa
1589 1504 1724 1549 *facul-

370 1594 452 1628 tate
477 1595 518 1628 et
540 1587 671 1660 copie}
689 1586 852 1646 vagari,
878 1602 963 1645 qua
988 1583 1100 1629 velit.

427 1666 623 1725 Namque
648 1665 755 1708 illud
782 1681 937 1725 quare,
964 1664 1175 1722 Scaevola,
1200 1667 1364 1725 negasti
1390 1674 1432 1709 te
1456 1666 1584 1709 fuisse
1607 1664 1719 1709 latu—

366 1762 480 1799 rum,
516 1747 597 1788 nisi
629 1748 672 1788 in
715 1763 810 1789 meo
847 1762 981 1806 regno
1012 1762 1144 1799 esseS‚
1178 1745 1295 1805 quod
1328 1747 1371 1788 in
1404 1746 1520 1789 omni
1564 1762 1719 1806 genere

362 1828 590 1881 sermonis,
618 1828 661 1869 in
697 1828 814 1869 omni
844 1836 965 1887 parte
989 1826 1270 1870 humanitatis
1296 1825 1475 1869 dixerim
1500 1836 1715 1870 oratorem

361 1904 597 1965 perfectum
625 1922 714 1949 esse
748 1904 926 1949 debere?
958 1907 1190 1965 Nunquam
1223 1903 1467 1948 mehercule
1494 1905 1578 1949 hoc
1601 1905 1713 1949 dice-

359 2000 474 2038 rem,
500 1986 533 2028 si
558 2001 677 2041 eum,
703 2002 832 2045 quem
857 1987 993 2046 fissg9‚
1021 1987 1232 2047 meipsum
1257 2002 1346 2028 esse
1370 1984 1616 2029 arbitrarer.

420 2063 526 2119 Sed,
561 2074 607 2106 ut
641 2063 803 2107 solebat
837 2067 885 2108 C.
917 2065 1110 2108 Lucilius
1143 2082 1252 2126 saepe
1283 2063 1424 2108 dicere
1451 2065 1609 2126 (homo
1634 2065 1710 2108 tibi

358 2143 594 2196 subiratus,
615 2144 717 2186 mihi
738 2152 916 2204 propter
934 2160 1027 2186 eam
1048 2145 1184 2205 ipsam
1205 2161 1377 2188 causam
1397 2145 1561 2202 minus,
1581 2160 1710 2204 quam

357 2221 546 2279 volebat,
568 2222 809 2277 familiaris,
831 2223 903 2266 sed
923 2233 1065 2267 tamen
1087 2233 1129 2267 et
1148 2223 1301 2268 doctus
1314 2259 1325 2281 ‚
1345 2234 1387 2268 et
1407 2222 1709 2284 perurbanus),

357 2302 416 2344 sic
433 2302 590 2356 sentio,
604 2303 818 2345 neminem
836 2318 924 2346 esse
942 2304 984 2346 in
1005 2312 1227 2346 oratorum
1246 2319 1427 2347 numero
1442 2303 1709 2358 habendum,

356 2382 429 2440 qui
454 2398 541 2424 non
571 2383 626 2424 sit
650 2382 850 2425 omnibus
873 2384 921 2425 iis
941 2383 1126 2438 artibus,
1148 2399 1242 2443 quae
1269 2393 1369 2427 sunt
1391 2383 1526 2427 libero
1549 2382 1708 2444 dignae,

355 2460 593 2520 perpolitus
619 2479 626 2503 :
655 2462 810 2520 quibus
838 2463 959 2522 ipsis⁷
988 2464 1021 2505 si
1054 2465 1097 2505 in
1128 2463 1310 2507 dicendo
1331 2481 1416 2508 non
1438 2465 1625 2520 utimur,
1648 2473 1709 2507 ta-

355 2538 453 2582 men
482 2549 684 2600 apparet,
710 2551 838 2600 atque
866 2552 1020 2599 exstat,
1047 2552 1196 2586 utrum
1225 2544 1355 2588 simus
1383 2560 1530 2587 earum
1557 2542 1704 2599 rudes,

355 2635 409 2662 an
431 2618 716 2664 didicerimus.

417 2702 500 2755 Ut,
538 2702 611 2759 qui
648 2700 732 2760 pila
769 2702 951 2759 ludunt,
989 2720 1074 2746 non
1118 2715 1300 2748 utuntur
1336 2708 1377 2748 in
1414 2706 1503 2765 ipsa
1539 2703 1704 2748 lusione
