1843 3166
744 192 886 227 LIBER
915 194 962 228 11.
1464 213 1475 235 ¹
1488 200 1532 235 55

177 268 238 325 id,
262 270 377 330 quod
404 271 663 316 concludere
692 273 754 317 illi
782 274 933 330 velint,
961 293 1046 321 non
1073 277 1182 322 effici
1205 294 1255 320 cx
1282 284 1531 341 propositiS,

175 366 254 393 nec
270 367 360 394 esse
381 368 673 412 consequens;
701 363 793 409 aut,
816 355 850 397 si
870 356 926 398 ita
949 373 1035 400 non
1055 356 1223 402 refellas
1237 391 1248 413 ,
1269 358 1529 405 afferendum

174 432 292 474 estin
315 433 576 476 contrariam
590 443 776 493 partem,
804 435 922 494 quod
940 437 993 479 sit
1006 446 1079 480 aut
1102 436 1299 497 graviUS,
1319 448 1392 481 aut
1414 456 1531 499 aeque

171 526 313 568 grave.
338 510 417 555 Illa
448 521 610 568 autem,
635 530 729 573 quae
759 524 834 557 aut
859 515 1175 561 conciliationis
1201 532 1332 561 causa
1357 516 1528 573 leniter,

170 599 245 632 aut
275 592 557 650 permotionis
595 592 872 638 vehementer
903 605 1112 656 aguntur,
1148 597 1379 641 contrariis
1412 614 1529 642 com-

168 670 430 714 motionibus
457 671 679 716 inferenda
705 683 824 730 sunt,
852 684 900 718 ut
928 674 1027 719 odio
1052 675 1368 730 benivolentia,
1402 678 1528 721 mise-

169 749 355 793 ricordia
378 750 540 794 invidia
566 751 756 797 tollatur.

229 832 341 874 LIV.
382 832 533 875 Suavis
570 842 711 876 autem
743 843 829 890 est,
868 844 910 878 et
947 835 1227 881 vehementer
1262 855 1373 899 saepe
1408 837 1526 883 utilis

160 909 309 968 jocus,
332 920 375 954 et
396 910 559 955 facetiae
579 929 589 955 ε
611 929 727 972 quae,
752 915 918 958 etiamsi
941 914 1025 959 alia
1038 918 1181 960 omnia
1195 917 1307 961 tradi
1323 929 1413 962 arte
1427 935 1526 979 pos-

163 1000 288 1044 sunt,
328 1000 492 1035 naturae
525 1003 626 1036 sunt
663 995 840 1054 propria
876 1004 1014 1050 certe,
1050 1012 1190 1056 neque
1221 996 1353 1041 ullam
1387 1009 1524 1043 artem

162 1070 422 1114 desiderant.
437 1073 652 1132 Inquibus
666 1083 711 1116 tu
726 1072 852 1135 longe
871 1073 983 1130 aliis,
1002 1091 1098 1118 mea
1117 1078 1348 1134 sententia,
1366 1080 1521 1135 Caesar,

161 1150 353 1205 cxcellis3
370 1168 456 1211 quo
470 1153 606 1212 magis
621 1153 727 1196 mihi
740 1155 870 1197 etiam
882 1155 1000 1198 testis
1012 1171 1102 1198 esse
1112 1165 1254 1215 potes,
1270 1167 1344 1200 aut
1358 1155 1519 1200 nullam

161 1247 251 1273 csse
274 1241 412 1274 artem
433 1231 553 1288 salis,
577 1242 671 1288 aut,
692 1234 827 1293 siqua
855 1244 939 1289 est,
968 1250 1060 1278 eam
1081 1251 1158 1278 nos
1182 1245 1229 1279 tu
1249 1237 1516 1295 potissimum

160 1310 346 1355 docebis.

220 1419 279 1425 —
301 1395 394 1452 Ego
416 1408 539 1449 vero,
568 1394 713 1453 inquit
732 1395 888 1448 Caesar,
909 1394 1028 1437 omni
1056 1392 1110 1437 de
1134 1411 1181 1438 re
1203 1394 1383 1439 facetius
1412 1404 1519 1456 puto

157 1488 282 1531 posse
309 1472 362 1515 ab
386 1473 564 1517 homine
590 1490 678 1517 non
704 1474 940 1529 inurbano,
967 1491 1097 1534 quam
1125 1475 1179 1519 de
1206 1477 1308 1537 ipsis
1333 1476 1519 1530 facetiis,

156 1551 382 1612 disputari.
404 1556 555 1614 Itaque
569 1570 705 1614 quum
726 1554 938 1614 quosdam
956 1571 1116 1615 graecos
1138 1556 1366 1616 inscriptos
1386 1555 1519 1600 libros

156 1648 246 1675 esse
266 1632 466 1677 vidissem
484 1650 543 1678 DE
559 1649 782 1678 mmcums
796 1667 807 1688 ,
825 1633 1081 1678 nonnullam
1096 1635 1140 1678 in
1157 1651 1278 1694 spem
1291 1652 1491 1679 veneram
1506 1671 1517 1689 ,

156 1729 280 1772 posse
303 1730 372 1756 me
397 1712 562 1773 aliquid
582 1730 633 1756 ex
654 1714 746 1756 istis
770 1713 934 1757 discere
955 1731 964 1756 :
1003 1714 1148 1758 inveni
1170 1724 1316 1758 autem
1338 1714 1518 1758 ridicula

155 1802 197 1835 et
225 1792 334 1836 salsa
358 1792 493 1837 multa
516 1795 796 1850 Graecorum,
827 1810 926 1837 nam
954 1803 997 1837 et
1026 1793 1160 1838 Siculi
1190 1795 1233 1837 in
1261 1811 1310 1838 eo
1337 1810 1518 1855 genere,

152 1872 363 1916 etRhodii
379 1908 389 1928 ‚
405 1883 446 1916 et
459 1873 676 1933 Byzantii,
699 1882 739 1916 et
762 1883 917 1933 praeter
934 1883 1118 1927 ceteros,
1132 1875 1265 1917 Attici
1281 1873 1517 1928 excellun13

152 1953 227 1997 sed
247 1954 322 2013 qui
339 1954 431 2013 ejus
452 1954 514 1996 rei
533 1954 742 1996 rationem
758 1952 990 2013 quamdam
1008 1954 1151 1996 conati
1171 1962 1271 1996 sunt
1292 1962 1518 2013 artemque

152 2034 343 2090 tradere,
368 2035 428 2078 sic
445 2032 598 2078 insulsi
616 2034 894 2089 exstiterunt,
916 2042 964 2076 ut
977 2032 1087 2076 nihil
1101 2032 1218 2076 aliud
1235 2048 1411 2090 eorum,
1434 2033 1517 2077 nisi

152 2115 243 2174 ipsa
271 2113 507 2169 insulsitas,
533 2113 740 2157 rideatur.

214 2196 365 2252 Quare
384 2194 490 2237 mihi
510 2193 630 2238 nullo
651 2193 825 2237 videtur
841 2192 973 2237 modo
991 2192 1191 2236 doctrina
1210 2193 1288 2236 ista
1311 2209 1378 2237 res
1390 2209 1516 2253 posse

151 2275 277 2319 tradi.
300 2274 473 2318 Etenim
490 2291 624 2334 quum
645 2274 731 2317 duo
753 2290 912 2335 genera
933 2274 1020 2317 sint
1036 2273 1306 2328 facetiarum,
1331 2272 1512 2317 alterum

151 2355 418 2416 aequabiliter
436 2355 479 2397 in
500 2355 619 2397 omni
637 2371 833 2398 sermone
857 2354 1020 2408 fusum,
1048 2352 1232 2397 alterum
1259 2362 1513 2414 peracutum

152 2447 194 2481 et
216 2437 347 2480 breve
369 2453 378 2479 ε
410 2433 480 2478 illa
502 2451 525 2477 a
552 2435 766 2478 veteribus
788 2435 986 2494 superior
1007 2432 1244 2488 cavillatio,
1266 2433 1355 2476 haec
1380 2432 1515 2476 altera

152 2517 357 2560 dicacitas
378 2516 599 2559 nominata
625 2524 700 2558 est.
727 2517 844 2557 Leve
869 2530 1027 2557 nomen
1054 2514 1185 2557 habet
1210 2523 1395 2572 utraque
1418 2529 1511 2557 res:

153 2598 340 2657 quippe3
368 2595 460 2640 leve
482 2596 596 2639 enim
622 2605 683 2638 est
706 2604 846 2637 totum
868 2594 975 2648 hoc,
1003 2594 1138 2637 risum
1161 2610 1351 2637 movere.
