1843 3166
338 174 405 210 142
859 171 924 206 DE
954 171 1194 207 ORATORE

337 254 448 298 dinis
476 264 517 298 et
552 255 921 317 disponendarum
953 274 1096 301 rerum
1134 258 1376 318 requisisse.
1417 260 1531 304 Nam
1559 258 1593 301 si
1626 275 1707 320 ego

332 352 503 380 omnem
529 338 618 380 vim
640 338 826 381 oratoris
852 339 895 381 in
922 341 1210 400 argumentis,
1230 350 1271 383 et
1293 341 1337 384 in
1363 356 1411 383 re
1437 340 1529 400 ipsa
1556 356 1634 400 per
1658 357 1703 383 se

332 417 659 477 comprobanda
673 419 934 478 posuissem,
963 429 1135 481 tempus
1154 431 1263 465 esset
1279 422 1369 482 jam
1395 420 1448 464 de
1463 419 1615 464 ordine
1630 436 1700 464 ar-

331 507 659 556 gumentorum,
679 508 721 541 et
736 498 788 541 de
801 497 1087 543 collocatione
1098 499 1261 561 aliquid
1276 500 1418 545 dicere
1439 518 1448 545 :
1475 500 1550 544 sed
1563 518 1699 561 quum

330 578 412 620 tria
427 578 513 621 sint
536 594 559 621 a
574 595 643 622 me
657 580 898 639 proposita,
922 579 976 623 de
987 597 1076 624 uno
1089 580 1279 638 dictum3
1303 598 1439 642 quum
1454 581 1508 625 de
1528 581 1699 627 duobus

330 656 506 717 reliquis
521 658 689 716 dixero,
718 668 811 703 tum
834 661 916 703 erit
933 659 1123 721 denique
1135 661 1188 705 de
1205 661 1474 722 disponenda
1493 671 1584 706 tota
1601 678 1700 706 ora-

337 738 454 781 tione
481 739 776 798 quaerendum.

393 820 555 862 XLIII.
593 819 718 865 Valet
746 822 881 882 igitur
908 821 1094 866 multum
1121 821 1175 866 ad
1202 823 1493 877 vincendum,
1519 824 1699 884 probari

332 916 495 957 11101205,
526 902 748 959 instituta,
782 913 825 947 et
859 903 991 959 facta,
1026 913 1069 947 et
1100 905 1233 947 vitam
1264 921 1438 961 eorum,
1469 905 1544 965 qui
1573 915 1703 966 agent

329 997 500 1037 causas,
526 992 569 1025 et
587 999 758 1037 eorum,
784 1000 863 1043 pro
890 984 1070 1044 quibus;
1094 993 1137 1027 et
1162 986 1266 1028 item
1290 985 1529 1046 improbari
1555 985 1707 1029 adver-

330 1062 544 1105 sariorum
559 1079 570 1118 3
586 1064 841 1124 animosque
852 1080 1005 1107 eorum
1018 1098 1029 1120 ,
1048 1064 1165 1125 apud
1182 1081 1292 1125 quos
1305 1066 1464 1126 agitur,
1479 1066 1702 1111 conciliari

330 1159 460 1203 quam
486 1145 673 1187 maxime
700 1144 754 1188 ad
783 1144 1126 1189 benivolentiam
1160 1162 1297 1206 quum
1329 1162 1432 1207 erga
1464 1156 1706 1203 oratorem,

330 1234 422 1267 tum
444 1241 545 1286 erga
561 1223 706 1281 illum,
734 1242 814 1286 pro
831 1242 918 1286 quo
933 1225 1050 1270 dicet
1061 1235 1223 1270 orator.
1238 1225 1543 1270 Conciliantur
1556 1236 1703 1270 autem

330 1306 464 1348 animi
480 1305 691 1366 dignitate
704 1306 912 1360 hominis,
933 1306 1062 1351 rebus
1076 1308 1207 1368 gestis
1220 1342 1232 1363 ,
1249 1308 1571 1351 existimatione
1585 1308 1683 1351 vitae
1698 1325 1708 1351 :

332 1403 427 1446 quae
449 1385 618 1430 facilius
642 1387 791 1430 ornat-i
818 1397 1028 1447 possunt,
1056 1388 1091 1430 si
1113 1387 1245 1431 modo
1271 1397 1395 1443 sunt,
1423 1404 1554 1448 quam
1577 1387 1708 1449 fingi,

333 1467 366 1510 si
387 1465 507 1511 nulla
530 1476 642 1511 sunt.
668 1467 752 1511 Sed
773 1468 862 1512 haec
881 1468 1090 1529 adjuvant
1108 1470 1151 1512 in
1168 1478 1366 1526 oratore,
1388 1467 1540 1512 lenitas
1561 1470 1679 1513 vocis
1696 1503 1707 1521 ,

331 1546 495 1603 vultus,
523 1547 703 1608 pudoris
730 1548 1009 1608 significatio,
1036 1549 1272 1593 verborum
1297 1549 1476 1593 comitas
1498 1567 1507 1593 :
1537 1550 1571 1593 si
1601 1550 1706 1610 quid

331 1644 591 1688 persequare
624 1629 787 1683 acrius,
813 1638 862 1672 ut
883 1629 1045 1672 invitus
1076 1639 1119 1672 et
1140 1639 1315 1673 coactus
1342 1629 1484 1674 facere
1512 1630 1701 1675 videare.

331 1710 585 1766 Facilitatis,
626 1710 916 1768 liberalitatis,
950 1711 1323 1769 mansuetudinis,
1363 1714 1556 1774 pietatis,
1593 1716 1705 1776 grati

332 1793 487 1849 animi,
508 1809 596 1836 non
615 1794 878 1853 appetentis,
901 1810 990 1836 non
1011 1793 1148 1849 avidi,
1169 1794 1291 1855 signa
1318 1794 1503 1854 proferri
1520 1796 1709 1857 perutile

334 1883 417 1930 est3
454 1890 589 1933 eaque
629 1875 796 1929 omnia,
838 1891 933 1934 quae
968 1875 1232 1935 proborum,
1272 1874 1584 1933 demissorum,
1620 1894 1708 1920 non

333 1956 517 2011 acrium,
539 1971 626 1998 non
652 1956 961 2015 pertinacium,
988 1972 1076 1998 non
1092 1954 1403 2016 litigiosorum,
1419 1973 1509 2000 non
1527 1958 1708 2001 acerbo-

334 2052 431 2078 rum
447 2045 567 2088 sunt,
589 2034 712 2078 valde
727 2033 1063 2078 benivolentiam
1089 2035 1342 2090 conciliant,
1364 2036 1705 2099 abalienantque

335 2115 389 2158 ab
414 2116 491 2171 iis,
521 2116 563 2157 in
590 2115 748 2174 quibus
781 2115 872 2158 haec
908 2132 996 2158 non
1024 2126 1139 2160 sunt.
1167 2118 1320 2177 Itaque
1352 2117 1504 2161 eadem
1536 2129 1637 2163 sunt
1666 2121 1709 2163 in

337 2195 608 2239 adversarios
631 2212 681 2238 ex
703 2196 921 2239 contrario
946 2196 1225 2240 conferenda.

403 2276 486 2320 Sed
512 2292 648 2336 genus
672 2276 754 2319 hoc
780 2286 921 2319 totum
953 2279 1162 2321 orationis
1190 2279 1230 2321 in
1260 2280 1310 2323 iis
1338 2282 1476 2324 causis
1504 2280 1709 2339 excellet,

339 2359 382 2401 in
405 2357 562 2417 quibus
586 2357 730 2400 minus
754 2367 897 2417 potest
918 2357 1176 2402 inflammari
1195 2361 1365 2404 animus
1385 2361 1540 2421 judicis
1559 2363 1649 2406 acri
1668 2372 1710 2406 et

339 2437 584 2482 vehementi
613 2437 800 2497 quadam
825 2439 1093 2482 incitatione.
1118 2441 1218 2484 Non
1247 2442 1364 2485 enim
1393 2459 1563 2503 semper
1586 2443 1712 2487 fortis

339 2519 479 2563 oratio
497 2518 720 2578 quaeritur,
745 2518 819 2561 sed
833 2535 943 2578 saepe
963 2519 1156 2579 placida,
1177 2524 1426 2578 summissa,
1450 2521 1558 2566 lenis
1574 2558 1585 2579 ,
1614 2541 1710 2584 quae

340 2600 525 2643 maxime
558 2599 831 2642 commendat
862 2616 968 2643 reos.
1002 2604 1116 2644 Reos
1146 2612 1289 2646 autem
1320 2603 1489 2663 appello
1520 2622 1608 2648 non
1639 2621 1713 2650 eos
