1843 3166
321 148 394 184 258
838 145 903 179 DE
932 143 1171 179 ORATORE

322 240 467 292 pestas
504 228 840 284 comissationi33
859 247 880 269 n
905 237 979 271 aut
1005 228 1167 283 minus,
1192 226 1483 271 «Comissatio
1515 236 1689 287 tempes-

323 313 472 355 tatis.»
493 310 608 355 Nolo
628 326 718 354 esse
742 309 922 352 verbum
948 309 1174 369 angustius
1197 306 1260 361 id,
1290 306 1406 366 quod
1429 305 1686 350 translatum

321 393 397 449 sit,
425 408 556 452 quam
580 390 729 434 fuisset
750 388 855 432 illud
881 389 1107 449 proprium
1131 404 1179 432 ac
1205 404 1357 430 suum:

426 498 615 543 Quidnam
636 504 706 541 cst,
729 495 909 532 obsecro?
930 495 1021 543 quid
1041 502 1075 530 te
1095 494 1188 529 adiri
1207 493 1388 528 abnutas?

323 591 479 636 Melius
499 600 629 648 esset,
653 601 824 647 «vetas,
850 589 1073 650 prohibes,
1093 588 1305 631 absterres
1322 605 1331 630 z
1350 607 1370 628 »
1393 588 1599 646 quoniam
1616 586 1688 630 ille

325 674 507 727 dixerat,

428 777 989 787 ...............
1018 749 1126 783 Illico
1148 749 1250 792 istic,

429 814 485 848 Ne
508 812 680 860 contagio
705 825 782 847 mea
806 812 934 854 bonis,
958 811 1135 845 umbrave
1155 810 1263 845 obsit.

390 908 531 966 Atque
567 907 719 962 etiam,
749 906 783 949 si
811 922 1005 961 vereare,
1031 921 1084 948 ne
1122 902 1268 964 paullo
1288 903 1439 947 durior
1459 901 1688 946 translatio

329 1003 416 1033 csse
440 986 650 1042 videatur,
678 984 911 1029 mollienda
946 994 1033 1039 est,
1067 985 1300 1044 praeposito
1327 1000 1436 1044 saepe
1457 984 1620 1027 verbo:
1646 993 1694 1027 ut

328 1067 362 1108 si
385 1064 505 1121 olim,
535 1067 597 1109 Μ.
638 1067 804 1110 Catone
840 1074 1035 1119 mortuo,
1065 1063 1349 1124 «pupillum»
1373 1072 1568 1107 senatum
1595 1064 1692 1123 quis

328 1143 527 1188 relictum
544 1144 726 1200 diceret,
750 1143 897 1204 paullo
923 1143 1100 1196 durius;
1128 1144 1192 1187 sin
1208 1177 1219 1198 ,
1243 1152 1326 1185 «ut
1352 1144 1411 1186 ita
1433 1142 1593 1196 dicam,
1619 1159 1694 1202 pu—

328 1223 481 1284 pillum
497 1259 508 1281 ,
524 1244 543 1265 ³)
567 1224 791 1284 aliquanto
813 1225 974 1268 mitius.
998 1224 1170 1267 Etenim
1189 1222 1435 1266 verecunda
1458 1222 1584 1265 debet
1604 1238 1694 1265 esse

330 1303 576 1359 translatio,
606 1314 655 1347 ut
682 1304 866 1347 deducta
890 1305 933 1346 in
960 1303 1150 1347 alienum
1182 1302 1348 1358 locum,
1374 1319 1462 1345 non
1497 1302 1692 1356 irruisse,

328 1393 457 1443 atque
488 1393 535 1426 ut
555 1383 771 1443 precario,
797 1399 884 1425 non
908 1384 970 1438 vi,
995 1383 1161 1427 venisse
1185 1382 1393 1425 videatur.

392 1463 551 1508 Modus
575 1473 718 1506 autem
745 1461 892 1506 nullus
915 1472 980 1506 est
1003 1462 1227 1505 florentior
1250 1464 1293 1505 in
1318 1461 1499 1522 singulis
1522 1462 1664 1505 verbis
1682 1497 1692 1510 .,

330 1559 410 1585 nec
439 1543 513 1601 qui
555 1541 650 1601 plus
674 1541 850 1584 luminis
874 1541 1027 1584 afferat
1050 1542 1249 1584 orationi.
1280 1543 1392 1585 Nam
1420 1541 1550 1596 illud,
1577 1542 1693 1601 quod

328 1638 378 1665 ex
404 1622 485 1665 hoc
509 1637 664 1682 genere
685 1620 889 1681 profluit,
916 1637 1004 1663 non
1027 1629 1091 1663 est
1124 1622 1169 1663 in
1192 1637 1281 1663 uno
1304 1622 1435 1664 verbo
1464 1621 1694 1679 translato,

329 1702 401 1746 sed
425 1719 476 1746 ex
496 1701 693 1762 pluribus
713 1701 978 1745 continuatis
998 1701 1286 1755 connectitur,
1310 1710 1356 1744 ut
1376 1700 1494 1744 aliud
1511 1701 1694 1758 dicatur,

327 1780 445 1826 aliud
471 1779 800 1841 intelligendum
824 1780 902 1823 sit:

404 1902 882 1913 .............
913 1877 1041 1922 Neque
1060 1888 1117 1910 me
1140 1876 1258 1922 patiar
1277 1876 1409 1911 iterum

403 1938 464 1972 Ad
486 1951 597 1973 unum
616 1938 808 1984 scopulum
827 1943 863 1971 et
883 1937 996 1971 telum
1015 1937 1166 1972 classem
1185 1937 1363 1972 Achivum
1381 1937 1584 1974 offendere.

328 2037 470 2092 Atque
497 2031 630 2086 illud,

380 2138 506 2181 Erras,
525 2150 623 2172 erras
639 2151 646 2171 :
668 2150 754 2172 nam
775 2138 1018 2173 exsultantem
1037 2145 1092 2182 te,
1113 2145 1148 2173 et
1164 2136 1416 2185 praefidentem
1433 2138 1503 2174 tibi

378 2198 597 2245 Repriment
618 2199 748 2233 validae
767 2199 889 2246 legum
908 2199 1080 2243 habenae,
1103 2206 1213 2246 atque
1231 2199 1379 2246 imperii
1398 2199 1570 2234 insistent
1588 2198 1692 2245 jugo.

392 2299 545 2341 Sumta
577 2314 621 2340 re
646 2296 798 2352 simili,
833 2299 964 2341 verba
1000 2299 1092 2358 ejus
1120 2299 1181 2341 rei
1209 2300 1386 2359 propria
1412 2299 1615 2360 deinceps
1649 2299 1692 2341 in

330 2393 419 2420 rem
445 2377 596 2431 aliam,
626 2386 671 2419 ut
689 2377 798 2432 dixi,
825 2378 1160 2422 transferuntur.

392 2458 531 2499 XLII.
552 2459 629 2500 Est
645 2457 728 2500 hoc
748 2474 954 2518 magnum
972 2468 1277 2502 ornamentum
1293 2459 1521 2513 orationis;
1545 2461 1589 2503 in
1606 2477 1693 2521 quo

329 2538 566 2581 obscuritas
587 2536 790 2596 fugienda
813 2548 888 2581 est.
918 2540 1092 2582 Etenim
1119 2556 1169 2582 ex
1194 2540 1276 2583 hoc
1305 2556 1462 2600 genere
1490 2539 1602 2584 fiunt
1624 2557 1692 2595 ea,
