1843 3166
723 237 867 271 LIBER
896 237 943 271 11.
1430 251 1441 272 1
1451 238 1498 274 35

155 333 282 375 quas;
325 319 485 363 nihilne
520 320 696 363 noceas?
737 322 787 363 In
819 336 906 380 quo
939 337 1039 382 ego,
1081 337 1167 363 non
1199 337 1284 380 quo
1320 323 1499 369 libenter

156 396 264 440 male
288 398 458 442 audiam
468 433 480 455 ,
518 398 591 442 sed
617 400 719 459 quia
745 415 826 459 ego
854 416 1026 443 causam
1054 415 1141 442 non
1171 398 1353 444 libenter
1376 402 1500 447 relin—

153 492 260 535 quO,
288 479 469 521 nimium
492 479 659 538 patiens
689 488 730 521 et
756 477 894 523 lentus
919 480 1168 523 existimor:
1203 491 1271 537 ut,
1302 498 1433 541 quum
1460 493 1499 526 te

155 557 320 616 ipsum,
351 557 534 618 Sulpici,
571 559 878 619 objurgabam‚
914 559 1031 618 quod
1061 561 1397 604 ministratorem
1427 578 1499 621 pe-

156 646 285 693 teres,
311 654 398 681 non
427 638 734 683 adversarium.
777 642 842 683 Ex
870 656 957 699 quo
989 640 1116 684 etiam
1144 639 1252 684 illud
1284 657 1499 701 assequor,

153 726 218 773 ut,
243 718 277 760 si
300 719 395 777 quis
420 719 525 762 mihi
547 718 791 777 maledicat,
821 720 1042 780 petulans,
1068 730 1144 764 aut
1168 719 1296 781 plane
1324 722 1498 765 insanus

150 812 240 841 esse
262 797 471 842 videatur.

212 879 263 920 In
286 879 387 939 ipsis
410 889 553 923 autem
574 882 839 942 argumentis
862 882 896 926 si
918 882 1022 943 quid
1046 882 1240 943 posueris
1258 893 1332 926 aut
1348 894 1495 944 aperte

150 957 323 1016 falsum,
359 970 433 1003 aut
465 961 522 1017 ei,
562 961 678 1020 quod
712 961 891 1017 dixeris,
932 962 1179 1006 dicturusve
1212 963 1287 1018 sis,
1327 974 1498 1007 contra—

150 1039 286 1095 rium,
319 1049 393 1083 aut
419 1056 572 1100 genere
601 1042 693 1101 ipso
721 1051 933 1086 remotum
963 1042 1016 1085 ab
1046 1059 1124 1086 usu
1152 1043 1413 1102 judiciorum
1446 1061 1496 1087 ac

150 1118 264 1174 foro3
291 1119 455 1163 nihilne
479 1121 660 1165 noceas?
690 1121 809 1178 Quid
825 1120 984 1166 multa?
1008 1123 1147 1166 omnis
1163 1139 1265 1167 cura
1281 1140 1373 1167 mea
1391 1123 1496 1167 solet

150 1198 193 1240 in
220 1199 302 1242 hoc
328 1201 487 1243 versari
512 1216 678 1260 semper
707 1200 872 1261 (dicam
893 1202 1006 1246 enim
1029 1201 1224 1262 saepius),
1252 1203 1286 1245 si
1309 1204 1465 1263 possim
1485 1237 1496 1257 ‚

151 1288 195 1323 ut
219 1280 322 1323 boni
348 1278 510 1339 aliquid
535 1280 714 1324 efficiam
736 1280 944 1338 dicend03
971 1282 1035 1324 sin
1056 1282 1099 1324 id
1119 1283 1281 1338 minus,
1309 1293 1356 1326 ut
1380 1293 1495 1327 certe

150 1375 203 1402 ne
226 1359 331 1418 quid
354 1359 470 1403 mali.

208 1441 407 1483 LXXVI.
443 1442 591 1500 Itaque
617 1456 731 1483 nunc
757 1439 857 1484 illuc
880 1440 1028 1495 redeo,
1064 1440 1236 1496 Catule,
1272 1442 1315 1484 in
1339 1458 1425 1501 quo
1452 1451 1496 1485 tu

147 1535 214 1562 me
240 1518 384 1578 paullo
412 1529 510 1562 ante
538 1518 763 1575 laudabas,
793 1520 846 1563 ad
869 1519 1063 1563 ordinem
1085 1520 1497 1581 collocationemque

146 1616 289 1642 rerum
308 1616 357 1642 ac
375 1598 582 1643 locorum.
612 1601 748 1659 Cujus
765 1601 875 1643 ratio
889 1609 951 1643 est
971 1599 1127 1659 duplex
1147 1617 1156 1642 :
1185 1600 1339 1657 altera,
1365 1618 1494 1661 quam

145 1679 270 1722 affert
294 1690 445 1723 natura
469 1696 720 1733 causarum;
748 1679 898 1735 altera,
920 1696 1013 1739 quae
1032 1689 1252 1723 oratorum
1269 1680 1433 1742 judicio
1452 1690 1494 1723 et

146 1758 373 1818 prudentia
397 1769 684 1820 comparatur.
714 1762 827 1805 Nam
855 1770 901 1802 ut
933 1758 1096 1819 aliquid
1129 1770 1228 1804 ante
1259 1777 1349 1804 rem
1379 1760 1494 1803 dica-

145 1856 263 1895 mus,
292 1839 466 1895 deinde,
495 1850 543 1883 ut
556 1857 645 1884 rem
660 1856 944 1900 exponamus,
970 1850 1066 1899 post
1086 1849 1132 1883 ut
1149 1856 1243 1883 eam
1261 1840 1495 1901 probemus

144 1920 301 1962 nostris
339 1919 543 1979 praesidiis
590 1919 918 1975 confirmandis,
968 1920 1195 1963 contrariis
1237 1919 1495 1971 refutandis,

143 1998 298 2043 deinde
324 2010 372 2043 ut
398 2000 732 2056 concludamus,
773 2010 902 2060 atque
932 2000 989 2042 ita
1021 2016 1290 2060 peroremus,
1328 2000 1408 2043 hoc
1435 2000 1495 2043 di-

144 2079 268 2122 cendi
296 2096 429 2140 genus
454 2090 608 2124 natura
633 2081 724 2140 ipsa
749 2080 997 2139 praescribit.

210 2160 266 2202 Ut
292 2175 392 2202 vero
416 2169 675 2215 statuamus,
704 2176 774 2215 ea,
797 2175 891 2218 quae
910 2158 1142 2219 probandi,
1172 2159 1374 2215 docendi,
1400 2176 1494 2220 per-

144 2237 350 2281 suadendi
372 2255 499 2283 causa
522 2239 701 2283 dicenda
724 2249 846 2295 sunt,
877 2239 1238 2299 quemadmodum
1261 2257 1494 2300 compona-

143 2334 265 2373 mus,
304 2317 347 2361 id
376 2328 439 2361 cst
465 2318 530 2362 vel
563 2320 745 2362 maxime
777 2319 1001 2379 proprium
1032 2320 1215 2363 oratoris
1243 2319 1490 2380 prudentiae.

142 2397 286 2442 Multa
313 2399 424 2442 enim
451 2409 687 2442 occurrunt
712 2408 990 2460 argumenta3
1027 2399 1183 2456 multa,
1222 2417 1316 2460 quae
1348 2401 1391 2443 in
1424 2400 1490 2442 di·

143 2476 279 2521 cendo
300 2477 524 2537 profutura
546 2478 801 2521 videantur:
831 2477 903 2521 sed
928 2494 1077 2522 eorum
1102 2479 1257 2538 partim
1292 2479 1350 2521 ita
1384 2478 1490 2521 levia

144 2567 262 2614 sunt,
282 2567 329 2601 ut
345 2558 660 2601 contemnenda
678 2559 788 2613 sint;
809 2559 986 2618 partim,
1007 2559 1132 2602 etiam
1154 2560 1187 2602 si
1208 2558 1312 2618 quid
1332 2558 1492 2601 habent

147 2636 409 2697 adjumenti,
448 2649 547 2682 sunt
578 2655 888 2697 nonnunquam
919 2638 1148 2697 ejusmodi,
1180 2648 1223 2681 ut
1247 2639 1343 2680 insit
1372 2638 1411 2678 in
1442 2637 1489 2679 iis
