1843 3166
329 245 375 279 59.
853 242 918 277 DE
949 241 1186 276 ORATORE

329 329 506 372 scientia
534 328 645 387 juris
680 327 811 371 audet
852 324 1091 370 accedere?
1125 327 1237 382 Quae
1274 325 1416 384 potuit
1455 324 1590 383 igitur
1620 339 1710 365 esse

329 425 456 452 causa
487 409 643 469 major,
671 424 803 468 quam
830 406 945 450 illius
970 404 1148 449 militis?
1175 405 1227 448 de
1251 405 1374 464 cujus
1399 413 1558 458 morte,
1578 420 1712 463 quum

330 488 511 533 ‹lomum
534 488 665 533 falsus
690 489 743 532 ab
766 489 958 532 exercitu
976 487 1157 530 nuntius
1176 487 1384 541 venisset,
1401 495 1443 529 et
1461 494 1583 545 pater
1598 484 1713 544 ejus,

330 587 375 613 re
415 569 578 613 credita
594 605 605 623 ,
644 578 954 613 testamentum
992 577 1222 622 mutasset,
1251 568 1289 610 ei
1328 583 1456 627 quem
1493 577 1536 609 et
1576 567 1713 609 visum

331 660 460 705 esset,
487 650 656 694 fecisset
684 650 908 705 heredem,
934 659 1131 709 essetque
1164 650 1255 708 ipse
1283 657 1485 691 mortuus
1513 664 1521 690 :
1548 664 1615 691 res
1638 647 1713 689 de-

333 729 418 772 lata
445 740 508 772 est
527 730 581 773 ad
605 731 921 786 centumviros,
944 746 1081 789 quum
1111 727 1234 772 miles
1255 727 1435 772 domum
1457 728 1714 776 revenisset,

332 813 578 871 egissetque
620 809 710 872 lege
747 812 790 853 in
832 809 1118 854 hereditatem
1159 819 1386 870 paternam
1432 807 1714 871 [testamento

333 893 510 935 exheres
536 890 686 953 filius].
717 892 884 951 Nempe
908 892 952 934 in
977 908 1025 934 ea
1050 907 1178 934 causa
1205 891 1436 950 quaesitum
1460 899 1523 933 est
1543 889 1595 933 de
1620 890 1718 949 jure

334 971 471 1023 civili,
493 982 695 1032 possetne
726 982 1012 1032 paternorum
1032 971 1251 1014 bonorum
1276 971 1454 1014 exheres
1477 986 1567 1014 esse
1584 968 1719 1024 filius,

334 1068 464 1110 quem
481 1063 604 1111 pater
642 1062 904 1095 testamento
937 1068 1079 1111 neque
1110 1050 1336 1099 heredem,
1372 1068 1511 1111 neque
1540 1050 1714 1094 exhere-

337 1132 435 1174 dem
467 1134 710 1192 scripsisset
735 1131 1024 1176 nominatim?

404 1215 612 1256 XXXIX.
650 1212 796 1270 Quid?
819 1230 906 1273 qua
928 1213 980 1256 de
1001 1229 1048 1256 re
1067 1213 1183 1256 inter
1203 1212 1435 1256 Marcellos
1453 1222 1495 1256 et
1515 1211 1721 1257 Claudios

339 1294 545 1353 patricios
566 1295 827 1337 centumviri
842 1293 1118 1354 judicarunt,
1137 1310 1274 1354 quum
1290 1292 1490 1336 Marcelli
1505 1293 1558 1336 ab
1578 1292 1722 1337 liberti

340 1372 429 1416 filio
463 1375 622 1434 stirpe,
658 1373 832 1417 Claudii
859 1374 1031 1434 patricii
1060 1374 1253 1435 ejusdem
1284 1374 1475 1417 hominis
1502 1374 1723 1418 heredita-

341 1464 445 1508 tem,
470 1464 598 1515 gente
618 1454 673 1498 ad
695 1471 739 1497 se
758 1455 938 1499 rediisse
963 1454 1180 1511 dicerent3
1204 1472 1350 1499 nonne
1368 1456 1411 1499 in
1431 1472 1479 1499 ea
1493 1471 1623 1499 causa
1642 1454 1724 1498 fuit

341 1536 589 1579 oratoribus
618 1535 671 1578 de
700 1545 794 1579 toto
817 1537 965 1597 stirpis
989 1553 1039 1580 ac
1063 1535 1321 1597 gentilitatis
1343 1537 1440 1596 jure
1464 1535 1724 1580 dicendum?

408 1614 556 1672 Quid?
577 1615 695 1674 quod
719 1617 824 1659 item
846 1617 889 1659 in
905 1616 1209 1660 centumvirali
1222 1617 1389 1677 judicio
1406 1626 1618 1662 certatum
1633 1634 1723 1661 esse

341 1697 611 1756 accepimus,
632 1698 708 1756 qui
733 1699 920 1740 Romam
952 1698 997 1739 in
1022 1695 1224 1740 exsilium
1247 1698 1452 1754 venisset,
1479 1698 1549 1741 cui
1573 1700 1723 1741 Romae

343 1774 539 1820 exsulare
560 1778 630 1836 jus
655 1786 793 1833 esset,
825 1778 859 1820 si
881 1794 924 1821 se
947 1776 1001 1820 ad
1026 1776 1219 1837 aliquem
1243 1778 1367 1837 quasi
1391 1787 1624 1837 patronum
1651 1794 1724 1838 ap-

343 1855 611 1916 plicavisset,
641 1858 935 1918 intestatoque
953 1868 1066 1902 esset
1092 1867 1294 1901 mortuus
1318 1875 1328 1900 :
1349 1857 1367 1875 *
1383 1856 1399 1874 *
1413 1857 1430 1874 *
1449 1875 1594 1902 nonne
1615 1859 1659 1901 in
1674 1875 1723 1902 ea

340 1953 469 1981 eausa
491 1938 564 1998 jus
591 1937 920 2000 applicationis,
944 1939 1183 1983 obscurum
1209 1954 1312 1982 sane
1334 1948 1375 1982 et
1402 1939 1624 1999 ignotum,
1650 1955 1723 1998 pa·

342 2018 549 2063 tefactum
595 2021 640 2063 in
676 2020 846 2080 judicio
877 2029 1009 2079 atque
1044 2019 1312 2064 illustratum
1347 2029 1409 2062 est
1451 2036 1474 2062 a
1508 2019 1724 2080 patrono?

406 2099 554 2155 Quid?
570 2116 724 2160 nuper,
741 2116 879 2160 quum
898 2117 979 2161 ego
1004 2101 1053 2143 C.
1071 2101 1209 2161 Sergii
1228 2102 1404 2144 Auratae
1428 2109 1580 2143 contra
1603 2100 1722 2143 hunc

342 2190 541 2223 nostrum
566 2182 810 2224 Antonium
831 2181 998 2242 judicio
1024 2182 1195 2242 privato
1225 2196 1399 2225 causam
1425 2179 1720 2237 defenderem,

340 2276 486 2304 nonne
508 2263 652 2305 omnis
678 2271 827 2306 nostra
857 2263 900 2305 in
922 2263 1023 2323 jure
1042 2271 1211 2306 versata
1239 2260 1430 2305 defensio
1456 2259 1546 2304 est?
1568 2260 1719 2317 Quum

340 2342 457 2384 enim
484 2343 653 2385 Marius
683 2342 970 2387 Gratidianus
1002 2342 1113 2386 aedes
1136 2344 1310 2386 Auratae
1338 2340 1620 2395 vendidisset,
1646 2357 1717 2384 ne-

339 2437 444 2481 que,
469 2424 629 2466 servire
651 2423 885 2482 quamdam
899 2440 1048 2467 earum
1064 2423 1222 2466 aedium
1242 2432 1431 2483 partem,
1448 2423 1492 2465 in
1513 2420 1717 2482 mancipii

339 2500 432 2563 lege
455 2502 654 2559 dixisset3
672 2503 1034 2558 defendebamus,
1052 2503 1267 2563 quidquid
1286 2503 1436 2546 fitisset
1454 2503 1716 2546 incommodi

340 2584 380 2625 in
410 2585 654 2645 mancipio,
689 2584 732 2627 id
766 2586 800 2627 si
826 2584 1029 2628 venditor
1052 2586 1220 2641 scisset,
1257 2601 1397 2643 neque
1433 2583 1718 2638 declarasset,

339 2676 541 2722 praestare
565 2665 737 2709 debere.
