1843 3166
728 218 874 254 LIBER
906 221 932 254 1.
1465 225 1515 261 83

143 292 277 352 culis,
307 313 477 342 summa
508 315 615 343 voce
644 316 793 345 versus
818 302 978 347 multos
1011 319 1098 348 uno
1127 308 1283 367 spiritu
1316 325 1514 369 pronun·

145 375 250 419 tiare
289 379 620 436 consuescebat3
664 397 804 442 neque
839 384 874 426 is
911 385 1150 430 consistens
1192 388 1234 430 in
1275 387 1398 443 loco,
1441 389 1518 434 sed

146 456 441 509 inambulans,
468 468 599 519 atque
626 459 837 505 adscensu
862 463 1110 524 ingrediens
1135 467 1286 510 arduo.

208 538 334 581 Hisce
355 555 436 599 ego
461 540 838 587 cohortationibus
855 579 866 599 ,
893 546 1068 600 Crasse,
1096 546 1151 590 ad
1179 547 1372 592 studium
1399 559 1440 593 et
1463 550 1519 593 ad

145 615 341 661 laborem
369 620 614 665 incitandos
643 622 826 682 juvenes
858 626 1137 670 vehementer
1164 630 1376 673 assentior
1403 647 1411 672 :
1452 646 1521 673 ce-

147 707 260 754 tera,
286 716 381 760 quae
406 700 617 763 collegisti
646 719 695 746 ex
724 706 857 749 variis
885 715 925 749 et
953 706 1132 751 diversis
1160 708 1312 753 studiis
1343 719 1385 754 et
1416 711 1521 754 arti-

146 778 251 836 bus,
282 782 452 826 tametsi
482 783 571 843 ipse
603 800 646 828 es
678 785 826 830 omnia
853 798 1138 844 consecutus,
1176 799 1322 834 tamen
1345 791 1398 834 ab
1428 807 1523 836 ora·

145 861 251 904 toris
270 863 451 923 proprio
472 863 618 909 officio
639 875 771 926 atque
788 884 971 912 munere
991 868 1188 928 sejuncta
1208 887 1298 914 esse
1318 871 1521 916 arbitror.

210 943 348 987 LXII.
386 947 487 989 Haec
516 962 655 1006 quum
686 949 908 992 Antonius
946 948 1147 1007 dixisset,
1187 967 1289 995 sane
1321 951 1522 996 dubitare

147 1023 263 1066 visus
286 1035 351 1068 est
381 1024 622 1086 Sulpicius,
660 1037 703 1072 et
734 1031 885 1082 Cotta,
924 1031 1066 1074 utrius
1095 1032 1236 1075 oratio
1260 1032 1441 1092 propius
1469 1031 1523 1075 ad

147 1104 373 1149 veritatem
395 1106 617 1151 videretur
637 1108 851 1152 accedere.
880 1111 991 1153 Tum
1016 1112 1197 1155 Crassus
1218 1127 1226 1154 :
1258 1112 1521 1172 Operarium

147 1184 270 1228 nobis
305 1186 560 1246 quemdam,
597 1188 787 1245 Antoni,
827 1199 1044 1234 oratorem
1074 1190 1201 1245 facis,
1240 1200 1372 1251 atque
1400 1192 1519 1235 haud

149 1265 257 1319 scio,
281 1282 337 1310 an
356 1265 482 1310 aliter
502 1269 682 1324 sentias,
708 1278 752 1312 et
777 1279 900 1312 utare
924 1280 1000 1314 tua
1023 1269 1096 1314 illa
1113 1270 1297 1314 mirifica
1321 1271 1378 1314 ad
1398 1270 1522 1315 refel-

148 1343 325 1389 lendum
343 1347 676 1403 consuetudine,
703 1365 788 1408 qua
811 1349 886 1392 tibi
906 1366 1035 1393 nemo
1066 1367 1262 1410 unquam
1290 1352 1522 1411 praestitit;

147 1425 271 1485 cujus
291 1426 466 1486 quidem
487 1428 621 1488 ipsius
641 1427 858 1473 facultatis
886 1430 1140 1473 exercitatio
1164 1439 1390 1474 oratorum
1416 1447 1522 1491 pro-

149 1507 245 1566 pria
273 1516 362 1564 est,
394 1508 470 1552 sed
495 1509 586 1568 jam
616 1510 661 1552 in
689 1509 1051 1570 philosophorum
1081 1510 1399 1555 consuetudine
1424 1527 1522 1555 ver-

149 1597 285 1645 satur,
312 1590 587 1650 maximeque
613 1607 788 1646 eorum,
823 1591 897 1650 qui
923 1591 974 1634 de
999 1592 1120 1634 omni
1148 1608 1194 1635 re
1222 1592 1446 1652 proposita
1477 1592 1522 1635 in

149 1678 382 1730 utramque
404 1680 570 1730 partem
596 1669 736 1713 solent
758 1671 1052 1730 copiosissime
1080 1670 1234 1715 dicere.

216 1752 383 1794 Verum
407 1767 486 1811 ego
511 1767 599 1794 non
625 1749 764 1794 solum
792 1750 1057 1805 arbitrabar,
1093 1751 1159 1794 his
1183 1751 1418 1811 praesertim
1447 1767 1524 1794 au·

152 1829 396 1888 dientibus,
426 1848 451 1875 a
482 1847 551 1874 me
580 1830 805 1874 informari
833 1842 1059 1891 oportere,
1099 1831 1236 1890 qualis
1266 1848 1356 1875 esse
1381 1841 1525 1891 posset

148 1912 209 1968 is,
235 1913 310 1972 qui
332 1912 548 1956 habitaret
575 1913 619 1955 in
646 1911 884 1968 subselliis,
913 1928 1052 1971 neque
1075 1911 1313 1971 quidquam
1338 1910 1525 1970 amplius

152 1992 353 2049 afferret,
392 2009 522 2053 quam
562 1992 679 2052 quod
717 2008 945 2035 causarum
986 1992 1215 2035 necessitas
1252 1989 1524 2051 postularet3

147 2073 224 2117 sed
242 2074 383 2134 majus
403 2073 611 2134 quiddam
625 2072 845 2128 videbam,
864 2089 999 2132 quum
1017 2072 1243 2115 censebam
1251 2106 1262 2128 ,
1283 2080 1500 2115 oratorem
1513 2104 1524 2125 ,

149 2155 390 2214 praesertim
424 2155 469 2197 in
502 2165 653 2198 nostra
686 2153 936 2214 republica,
977 2151 1140 2196 nullius
1175 2152 1421 2195 ornamenti
1455 2167 1526 2193 ex-

151 2245 320 2295 pertem
343 2252 432 2279 esse
458 2246 675 2296 oportere.
713 2237 780 2278 Tu
806 2244 974 2288 autem,
1004 2234 1211 2293 quoniam
1237 2233 1403 2293 exiguis
1432 2232 1524 2291 qui-

151 2315 336 2360 busdam
354 2316 513 2360 finibus
533 2326 674 2360 totum
692 2316 878 2360 oratoris
896 2331 1055 2358 munus
1074 2312 1425 2368 circumdedisti,
1441 2312 1524 2355 hoc

148 2395 314 2440 facilius
334 2396 459 2440 nobis
482 2412 672 2456 expones
699 2413 749 2439 ea
764 2429 775 2451 ,
805 2411 899 2454 quae
922 2395 997 2438 abs
1021 2404 1062 2437 te
1084 2394 1136 2437 de
1160 2393 1313 2438 officiis
1334 2408 1523 2453 praecep-

149 2477 288 2537 tisque
324 2477 508 2520 oratoris
547 2478 724 2536 quaesita
764 2485 906 2519 sunt:
951 2474 1026 2518 sed
1064 2476 1238 2535 opinor,
1279 2470 1519 2516 secundum

147 2558 266 2601 hunc
291 2557 419 2601 diem.
451 2557 563 2601 Satis
585 2558 702 2600 enim
726 2555 865 2599 multa
899 2572 923 2599 a
954 2556 1079 2599 nobis
1111 2556 1241 2599 hodie
1271 2554 1386 2596 dicta
1406 2561 1522 2594 sunt.

149 2639 279 2682 Nunc
296 2647 339 2682 et
355 2637 565 2694 Scaevola,
587 2638 793 2697 quoniam
815 2637 859 2680 in
880 2636 1180 2680 Tusculanum
1199 2637 1260 2678 ire
1278 2631 1524 2683 constituit,

1273 2712 1314 2755 (3.
