1843 3166
267 171 285 193 α
296 172 306 192 ι
318 171 338 192 o
792 158 855 191 DE
885 158 950 192 OR
960 158 1038 192 AT(
1046 158 1088 191 )R
1100 158 1124 191 1³,

265 244 338 302 qui
357 242 477 285 nobis
499 242 641 285 onmia
660 258 827 285 summa
846 243 1022 298 tribuis,
1054 242 1126 285 scd
1146 242 1356 298 arcteris,
1380 242 1454 301 qui
1478 242 1566 285 llaec
1591 244 1629 284 in

265 339 417 366 manus
444 333 635 378 sument,
669 333 718 365 ut
743 323 882 383 majus
916 323 1123 383 quiddam
1150 323 1202 366 dc
1228 326 1275 367 L.
1299 325 1479 378 Crasso,
1503 339 1631 382 quani

264 413 477 464 quantum
503 420 526 446 e
550 403 674 446 nobis
700 404 982 463 exprimetur,
1009 405 1295 464 suspicentur.

326 484 417 527 Nos
455 484 591 539 onim,
628 484 701 542 qui
732 484 811 543 ipsi
846 485 1036 526 sermoni
1070 501 1157 527 non
1191 484 1556 538 interfuissemUS,
1594 493 1635 527 ct

262 564 418 623 quibus
452 566 499 607 C.
530 567 659 607 Cotta
689 565 991 607 tantummodo
1018 563 1133 607 locos
1165 582 1214 609 ac
1238 565 1472 608 sententias
1504 565 1635 624 hujus

265 644 573 703 disputationis
601 643 847 687 tradidisset
866 645 982 704 (quo
1004 646 1045 687 in
1062 661 1219 705 genere
1244 646 1453 688 orationis
1469 655 1637 689 utrum-

264 742 347 784 que
363 734 581 767 oratorem
604 724 993 785 cognoveramus),
1015 725 1055 767 id
1081 726 1225 784 ipsum
1248 742 1396 769 sumus
1419 727 1462 769 in
1485 743 1636 770 eorum

265 821 464 849 sermone
485 804 746 848 adumbrare
762 805 921 848 conati.
945 804 1078 861 Quod
1103 805 1136 847 si
1159 806 1254 865 quis
1269 806 1370 862 erit,
1388 807 1463 865 qui
1478 806 1636 850 ductus

266 887 476 947 opinione
498 884 637 946 vulgi,
659 895 735 928 aut
761 885 1005 928 Antonium
1027 885 1308 945 jejuniorem,
1332 897 1407 930 aut
1433 889 1639 932 Crassum

266 967 504 1028 pleniorem
528 966 660 1009 fuisse
687 975 830 1026 putet,
855 982 987 1025 quam
1007 966 1228 1025 quomodo
1253 983 1275 1010 a
1304 967 1428 1010 nobis
1456 976 1638 1027 uterquc

269 1048 472 1091 inductus
498 1057 581 1103 est;
610 1048 643 1090 is
673 1048 754 1090 erit
776 1063 826 1090 ex
855 1047 931 1103 iis,
961 1048 1035 1106 qui
1063 1057 1137 1091 aut
1162 1046 1256 1091 illos
1282 1064 1370 1091 non
1396 1047 1640 1103 audierint,

265 1139 340 1173 aut
361 1127 558 1189 judicare
585 1144 674 1170 nou
705 1128 885 1187 possint.
910 1128 1023 1171 Nam
1049 1127 1130 1170 fuit
1161 1138 1345 1188 uterque
1363 1127 1437 1190 (ut
1461 1129 1639 1190 exposui

266 1208 415 1270 antea)
439 1225 574 1269 quum
600 1207 746 1252 studio
769 1218 900 1268 atque
928 1209 1102 1270 ingenio
1127 1218 1169 1251 et
1197 1208 1397 1252 doctrina
1429 1219 1640 1270 praestans

268 1291 496 1346 omnibus,
522 1299 614 1333 tum
634 1290 676 1332 in
702 1306 780 1333 suo
803 1306 959 1350 genere
981 1289 1222 1350 perfectus,
1245 1299 1292 1333 ut
1317 1307 1460 1350 neque
1486 1291 1530 1334 in
1558 1295 1643 1335 An-

268 1372 389 1415 tonio
414 1371 579 1414 deesset
603 1371 673 1413 hic
698 1381 879 1414 ornatus
903 1372 1132 1425 orationis,
1163 1387 1304 1431 neque
1331 1371 1375 1414 in
1397 1373 1554 1417 Crasso
1577 1388 1642 1415 re-

268 1452 495 1496 dundaret.

328 1535 382 1576 V.
407 1535 468 1577 Ut
493 1534 626 1593 igitur
648 1543 749 1576 ante
779 1534 1006 1578 meridiem
1027 1534 1341 1591 discesserunt,
1375 1533 1642 1596 paullulum-

266 1629 351 1672 quc
371 1613 645 1672 requierunt,
676 1614 719 1655 in
750 1614 901 1673 primis
920 1614 1003 1657 hoc
1023 1630 1047 1657 a
1072 1631 1116 1657 se
1137 1617 1267 1658 Cotta
1290 1615 1642 1658 animadversum

266 1711 357 1737 esse
391 1693 587 1750 dicebat,
617 1711 747 1738 omne
772 1694 880 1738 illud
913 1704 1084 1755 tempus
1117 1695 1414 1739 meridianum
1436 1697 1643 1739 Crassum

271 1778 315 1818 in
341 1775 556 1818 acerrima
580 1784 711 1834 atque
735 1776 1021 1819 attentissima
1051 1776 1316 1836 cogitatione
1346 1775 1560 1836 posuisse,
1584 1792 1643 1819 se-

270 1871 420 1914 seque,
451 1855 526 1914 qui
551 1854 720 1899 vultum
742 1857 853 1916 ejus,
877 1872 1012 1916 quum
1040 1858 1078 1899 ei
1107 1855 1339 1900 dicendum
1366 1866 1494 1911 esset,
1515 1856 1645 1899 obtu-

272 1946 454 1995 tumque
480 1935 711 1980 oculorum
742 1937 787 1979 in
817 1937 1051 1996 cogitando
1081 1937 1217 1997 probe
1241 1947 1407 1992 nosset,
1439 1946 1569 1996 atque
1602 1936 1645 1979 in

271 2018 472 2061 maximis
504 2018 645 2061 causis
672 2033 782 2077 saepe
807 2017 1007 2074 vidisset,
1036 2027 1131 2061 tum
1152 2017 1298 2060 dedita
1321 2033 1476 2077 opera,
1503 2017 1646 2076 quies-

271 2098 471 2141 centibus
493 2096 610 2153 aliis,
641 2098 685 2140 in
709 2114 803 2141 eam
823 2097 1057 2142 exhedram
1079 2098 1268 2151 venisse,
1289 2098 1334 2140 in
1359 2113 1444 2157 qua
1465 2098 1646 2141 Crassus

270 2177 431 2220 lectulo
456 2177 600 2237 posito
626 2178 919 2231 recubuisset,
943 2194 1169 2238 quumque
1192 2194 1289 2221 eum
1315 2179 1359 2220 in
1381 2178 1646 2238 cogitatione

272 2257 463 2300 defixum
490 2274 582 2302 esse
607 2259 834 2315 sensisset,
876 2260 1022 2303 statim
1057 2260 1304 2313 recessisse,
1343 2268 1475 2318 atque
1513 2258 1557 2300 in
1595 2274 1645 2301 eo

274 2336 447 2380 silentio
477 2337 584 2381 duas
613 2339 742 2382 horas
769 2338 857 2382 fere
885 2355 978 2383 esse
1005 2348 1266 2382 consumtas.
1305 2337 1477 2381 Deinde
1508 2354 1643 2397 quum

274 2433 446 2473 omnes,
467 2415 677 2460 inclinato
691 2419 780 2477 jam
796 2420 840 2461 in
858 2418 1205 2479 pomeridianum
1222 2428 1396 2477 tempus
1408 2416 1495 2473 die,
1510 2417 1646 2460 venis-

272 2506 367 2539 sent
385 2495 440 2539 ad
455 2498 685 2554 Crassum,
709 2499 829 2555 Quid
844 2509 929 2554 est,
949 2503 1120 2551 Crasse,
1142 2499 1283 2557 inquit
1296 2496 1457 2553 Julius,
1477 2497 1646 2540 imusne

273 2574 469 2619 sessum?
498 2577 576 2619 etsi
606 2576 878 2622 admonitum
905 2580 1102 2622 venimus
1129 2587 1192 2632 te,
1220 2593 1307 2620 uon
1333 2575 1586 2636 flagitatum.
