1843 3166
702 248 845 282 LIBER
878 249 903 281 I.
1435 251 1477 285 5⁴3

183 332 283 388 Quo
299 331 469 390 quidem
487 332 527 372 in
545 346 702 390 genere
720 330 942 374 familiaris
965 342 1110 374 noster
1124 336 1184 375 M.
1204 333 1479 390 Buuulfflus,

123 412 252 455 homo
280 427 416 470 neque
445 426 541 453 meo
573 409 732 468 judicio
763 410 943 465 stultus,
973 422 1012 454 ct
1044 429 1122 455 suo
1149 412 1271 456 valde
1294 415 1481 472 sapiens,

120 500 162 533 et
192 507 214 534 a
248 491 356 550 juris
393 489 536 534 studio
573 505 659 532 non
692 490 952 547 abhorrens,
990 492 1118 534 simili
1144 493 1187 534 in
1223 509 1268 535 re
1293 493 1479 552 quodam

124 571 251 614 modo
272 586 410 630 nuper
430 571 602 613 erravit.
625 571 736 614 Nam
758 588 892 631 quum
908 572 1018 615 aedcs
1042 575 1089 615 L.
1113 573 1243 616 Fusio
1259 572 1483 627 venderet,

123 653 164 693 in
191 651 407 710 mancipio
432 649 617 705 lumina,
644 652 706 694 uti
735 661 825 694 tum
855 662 1018 706 essent,
1044 654 1098 695 ita
1124 654 1301 713 recepit.
1329 654 1484 697 Fusius

121 741 288 786 autem,
327 731 453 774 simul
492 742 621 792 atque
658 732 856 775 aedificari
895 743 1082 793 coeptum
1117 742 1179 776 est
1220 734 1261 776 in
1295 733 1482 794 quadam

121 821 241 871 parte
274 812 411 866 urbis,
441 829 535 872 quae
564 812 692 856 modo
718 829 769 856 ex
802 812 885 856 illis
911 812 1073 856 aedibus
1102 814 1292 874 conspici
1325 824 1485 874 posset,

122 893 207 952 (egit
235 894 379 936 statim
401 909 501 936 cum
526 892 777 949 Bucculeio,
809 894 947 953 qnod,
976 894 1236 954 cuicumque
1270 894 1488 954 particulae

121 971 213 1014 roeli
244 972 512 1027 efficeretur,
548 975 743 1032 quamvis
785 984 890 1018 esset
928 973 1101 1035 procul,
1134 975 1292 1018 mutari
1326 974 1487 1018 lumina

123 1053 314 1111 putabat.

184 1133 303 1190 Quid
331 1135 456 1177 vcro?
481 1135 715 1179 clarissima
742 1139 800 1179 M.
830 1138 949 1180 Curii
977 1155 1103 1180 causa
1130 1140 1278 1197 Mque
1303 1139 1487 1197 Coponii

121 1232 261 1275 nuper
288 1215 404 1275 apud
434 1217 750 1270 centumviros,
777 1233 864 1275 quo
886 1233 1099 1260 concursu
1130 1218 1381 1272 hominum,
1407 1234 1492 1276 qua

122 1297 441 1355 exspectatione
460 1295 631 1339 defensa
655 1295 743 1338 est?
769 1313 904 1354 quum
928 1296 982 1351 Q.
1010 1296 1223 1351 Scaevola,
1251 1295 1427 1356 aequalis
1452 1307 1491 1339 et

122 1375 286 1436 collega
323 1392 466 1431 meus,
499 1377 629 1419 homo
659 1377 857 1419 omnium
892 1387 933 1419 et
969 1376 1198 1436 disciplina
1221 1378 1331 1436 juris
1358 1375 1493 1419 civilis

124 1456 461 1511 eruditissimus,
496 1466 538 1499 et
568 1457 744 1517 ingenio
779 1456 1099 1516 prudentiaque
1127 1458 1426 1510 acutissimus,
1454 1468 1493 1499 et

121 1538 317 1581 oratione
341 1538 524 1581 maxime
548 1537 722 1581 limatus
751 1547 880 1597 atque
917 1537 1109 1593 subtilis,
1143 1548 1290 1597 atque,
1327 1548 1375 1581 ut
1415 1554 1495 1597 ego

121 1617 238 1661 soleo
264 1617 426 1674 dicere,
450 1618 560 1678 juris
589 1619 828 1678 peritorum
858 1617 1261 1677 eloquentissimus,
1287 1618 1494 1678 eloquen-

122 1698 233 1741 tium
258 1699 368 1758 juris
400 1697 712 1758 peritissimus,
744 1715 794 1740 ex
822 1698 985 1757 scripto
1015 1707 1375 1741 testamentorum
1397 1699 1494 1757 jura

123 1778 390 1833 defenderet,
418 1788 700 1839 negaretque,
728 1779 808 1821 nisi
836 1787 1062 1838 postumus
1094 1788 1134 1821 ct
1165 1788 1312 1834 natus,
1338 1788 1400 1833 et,
1424 1794 1497 1821 an-

123 1870 294 1920 tequam
322 1861 365 1902 in
399 1876 519 1902 suam
547 1859 727 1902 tutelam
756 1860 960 1914 venisset,
988 1869 1185 1902 mortuus
1213 1868 1341 1912 esset,
1372 1858 1495 1901 liere-

124 1940 221 1984 (lem
247 1955 347 1983 eum
374 1956 464 1983 esse
492 1956 635 2000 posse,
660 1940 734 1999 qui
755 1949 862 1983 esset
887 1937 1125 1982 secundum
1154 1949 1428 1998 postumum,
1456 1949 1499 1981 et

126 2030 297 2076 natum,
312 2030 353 2064 et
366 2030 610 2075 mortuum,
629 2020 753 2063 lieres
768 2020 993 2063 institutus
1012 2036 1019 2062 :
1041 2036 1122 2080 ego
1138 2018 1405 2062 voluntatem
1427 2018 1498 2061 de-

125 2100 366 2154 fenderem3
391 2101 471 2145 hac
494 2117 594 2144 eum
627 2111 720 2144 tum
746 2110 890 2143 mente
915 2099 1064 2154 fuisse,
1088 2100 1163 2159 qui
1190 2109 1497 2142 testamentum

125 2180 314 2235 fecisset,
350 2191 417 2237 ut,
455 2182 489 2225 si
515 2180 629 2224 filius
662 2197 748 2224 non
774 2191 903 2235 esset,
928 2181 1001 2240 qui
1037 2181 1080 2222 in
1111 2179 1288 2223 tutelam
1315 2180 1501 2233 veniret,

126 2263 186 2304 M.
209 2262 367 2305 Curius
394 2272 502 2305 esset
529 2262 663 2304 heres.
695 2261 812 2304 Num
840 2259 1001 2303 destitit
1028 2269 1210 2319 uterque
1235 2268 1432 2302 nostrum
1460 2260 1501 2301 in

126 2356 173 2383 ea
199 2356 347 2395 causa,
376 2340 418 2382 in
446 2340 777 2384 auctoritatibus
787 2375 798 2396 ‚
827 2340 870 2382 in
902 2337 1131 2400 exemplis,
1159 2339 1201 2381 in
1229 2347 1504 2381 testamento-

129 2436 224 2463 rum
245 2419 460 2476 formulis,
483 2420 565 2463 hoc
589 2430 671 2477 est,
697 2422 738 2463 in
766 2419 908 2463 medio
930 2420 1028 2479 jure
1053 2418 1168 2463 civili
1192 2417 1378 2462 versari?

192 2501 283 2543 XL.
321 2501 489 2545 Omitto
517 2501 605 2560 jam
635 2501 761 2561 plura
797 2499 995 2560 exempla
1025 2516 1254 2544 causarum
1292 2497 1502 2558 amplissi-

130 2595 323 2634 marum,
356 2598 452 2641 quae
483 2592 583 2624 sunt
616 2580 949 2624 innumerabilia
986 2599 993 2623 :
1032 2581 1185 2641 capitis
1226 2579 1359 2622 nostri
1394 2593 1504 2636 saepe

131 2669 269 2719 potest
295 2661 506 2718 accidere,
539 2671 581 2705 ut
612 2678 748 2705 causae
780 2671 1002 2705 versentur
1030 2662 1071 2704 in
1101 2662 1209 2720 jure.
1243 2659 1411 2703 Etenim
1443 2658 1502 2699 sic
