1843 3166
722 278 864 312 mem
896 279 921 312 1.
1475 296 1494 330 7

142 380 184 406 se
205 364 295 423 ipsa
316 369 474 421 quanta
492 361 563 413 sit,
585 360 841 403 histrionum
865 360 967 405 levis
985 377 1051 404 ars
1071 373 1113 405 et
1134 379 1259 406 scena
1281 366 1466 412 declarat
1484 386 1493 412 4

143 444 185 485 in
208 458 292 502 qua
317 456 450 500 quum
473 455 623 483 omnes
654 440 695 482 in
719 440 824 491 oris,
849 450 891 482 et
911 440 1046 494 vocis,
1069 451 1109 484 et
1133 452 1274 485 motus
1300 446 1494 490 modera-

143 524 259 566 tione
283 519 522 574 elaborent,
546 519 642 579 quis
667 520 856 579 ignorat,
879 537 1007 580 quam
1031 523 1155 580 pauci
1185 523 1289 576 sint,
1316 524 1494 569 fuerint-

142 618 243 661 que,
272 616 382 663 quos
409 600 553 643 animo
584 615 707 659 aequo
729 609 919 659 spectare
947 601 1185 660 possimus?
1210 603 1329 660 Quid
1355 604 1491 648 dicam

141 681 193 724 de
224 681 424 725 thesauro
448 695 590 723 rerum
618 680 834 735 omnium,
863 680 1093 723 memoria?
1115 698 1209 740 quae
1238 683 1316 725 nisi
1350 694 1492 727 custos

141 761 324 816 inventis
348 760 631 820 cogitatisque
656 759 785 802 rebus
807 768 848 802 et
873 759 1011 802 verbis
1033 761 1308 817 adhibeatur,
1339 762 1494 807 intelli-

140 840 299 899 gimus,
323 824 485 893 omnia,
508 839 634 881 etiam
657 839 690 882 si
715 838 1036 898 praeclarissima
1060 839 1216 884 fuerint
1240 843 1282 884 in
1303 853 1492 896 oratore,

138 920 342 989 pgrjtqna·

200 998 495 1054 Quamobrem
512 999 657 1042 mirari
680 998 942 1052 desinamus,
963 1015 1056 1059 quae
1073 1017 1198 1044 causa
1220 1002 1274 1044 sit
1292 1001 1493 1062 eloquen-

138 1081 246 1122 tium
270 1078 520 1138 paucitatis,
544 1095 678 1137 quum
702 1095 752 1121 ex
779 1079 828 1122 iis
853 1079 980 1122 rebus
1007 1080 1215 1123 universis
1247 1080 1490 1141 eloquentia

92 1144 105 1151 -
138 1168 328 1214 constet,
361 1159 518 1218 quibus
553 1160 596 1201 in
633 1158 812 1218 singulis
842 1157 1062 1202 elaborare
1096 1176 1379 1220 permagnum
1408 1171 1492 1216 est;

137 1240 446 1297 hortemurque
468 1240 608 1297 potius
630 1237 785 1281 liberos
809 1248 998 1293 nomm,
1018 1248 1286 1298 ceterosque,
1304 1256 1490 1298 quorum

137 1317 272 1378 gloria
294 1318 416 1359 nobis
439 1327 480 1359 et
503 1318 690 1376 dignitas
707 1332 805 1359 cara
829 1326 910 1369 est,
942 1327 991 1359 ut
1016 1318 1160 1360 animo
1188 1319 1248 1360 rei
1276 1320 1491 1379 magnitu-

135 1396 279 1439 dinem
304 1394 669 1456 complectantur,
693 1412 831 1455 neque
857 1397 906 1439 iis
935 1406 1007 1439 aut
1031 1398 1272 1457 praeceptis,
1301 1407 1374 1441 aut
1403 1415 1492 1442 ma-

136 1469 297 1536 gistris,
322 1486 395 1519 aut
417 1476 817 1529 exercitationibus,
840 1476 998 1535 quibus
1021 1486 1205 1520 utuntur
1228 1494 1396 1534 omnes,
1420 1479 1491 1522 sed

135 1554 226 1598 aliis
253 1553 533 1615 quibusdam,
562 1572 605 1598 se
639 1555 701 1611 id,
727 1556 843 1615 quod
878 1566 1104 1616 expetunt,
1138 1559 1340 1617 consequi
1369 1575 1492 1618 posse

137 1628 367 1679 confidanc

195 1717 270 1758 Vl.
308 1717 367 1759 Ac
387 1732 481 1758 mea
504 1715 676 1775 quidem
701 1712 912 1758 sententia
939 1732 1065 1760 nemo
1085 1717 1243 1776 poterit
1262 1733 1352 1760 esse
1373 1719 1490 1760 omni

135 1795 260 1838 laude
292 1784 537 1837 cumulatus
567 1796 739 1848 orator,
772 1796 851 1838 nisi
883 1796 966 1838 erit
995 1797 1190 1838 omnium
1225 1813 1370 1839 rerum
1402 1813 1492 1840 ma-

135 1891 316 1934 gnarum
347 1884 475 1933 atque
505 1875 663 1917 artium
695 1869 917 1918 scientiam
949 1885 1216 1918 consecutus.
1243 1876 1412 1918 Etenim
1441 1893 1489 1919 ex

135 1971 278 1998 rerum
298 1955 546 2014 cognitione
570 1942 807 1996 efflores'cat
833 1964 874 1996 et
898 1954 1107 1997 redundet
1128 1963 1298 2013 oportet
1318 1957 1456 1999 oratio
1482 1974 1490 1998 :

134 2050 228 2094 quae
264 2035 344 2077 nisi
386 2034 551 2086 subest,
589 2050 653 2076 rcs
689 2034 742 2076 ab
782 2043 952 2077 oratore
991 2044 1190 2093 percepta
1226 2044 1268 2077 et
1300 2036 1490 2106 cognita,

135 2115 304 2157 inanem
335 2114 548 2173 quandam
580 2114 707 2156 habet
737 2103 1023 2156 elocutionem
1055 2122 1097 2156 et
1126 2130 1234 2173 pene
1264 2111 1489 2174 puerilem.

196 2194 348 2252 Neque
372 2209 474 2236 vero
499 2209 578 2253 ego
601 2193 682 2236 hoc
709 2202 876 2235 tantum
903 2194 1045 2236 oneris
1071 2194 1313 2252 imponam,
1334 2195 1491 2237 nostris

138 2274 369 2332 praesertim
398 2273 665 2324 oratoribus,
699 2274 740 2314 in
777 2272 856 2314 hac
886 2281 1006 2315 tanta
1039 2273 1322 2331 occupatione
1351 2274 1490 2325 urbis,

135 2369 184 2396 ac
214 2352 333 2404 vitae,
371 2351 473 2394 nihil
505 2361 551 2395 ut
586 2352 634 2394 iis
664 2361 810 2411 putem
848 2350 973 2395 licere
1003 2353 1166 2395 nescire
1199 2370 1206 2395 :
1244 2369 1489 2412 quanquam

136 2433 198 2475 vis
223 2432 424 2486 oratoris,
450 2431 740 2491 professioque
771 2433 860 2491 ipsa
889 2431 999 2475 bene
1031 2432 1223 2484 dicendi,
1248 2433 1329 2475 hoc
1360 2434 1490 2475 susci-

137 2527 236 2570 pere
260 2527 309 2553 ac
338 2509 532 2570 polliceri
554 2511 743 2564 videtur,
776 2521 821 2554 ut
843 2512 961 2553 omni
986 2511 1038 2554 de
1058 2528 1119 2566 re,
1142 2528 1411 2570 quaecunque
1437 2512 1489 2553 sit

137 2592 376 2651 proposita,
402 2591 454 2633 ab
478 2607 527 2634 eo
552 2600 701 2633 ornate
727 2591 984 2650 copioseque
1011 2591 1192 2634 dicatur.

198 2670 279 2713 Sed
307 2671 405 2731 quia
432 2687 517 2713 non
544 2670 713 2716 dubito,
741 2672 842 2729 quin
871 2671 952 2713 hoc
985 2670 1201 2730 plerisque
1228 2671 1484 2712 immensum
