1843 3166
739 208 882 242 LIBER
913 208 977 242 111.
1461 207 1533 244 ⁰263

185 299 254 333 tur
274 289 478 333 orationis
498 306 656 350 genus,
686 290 814 350 idque
834 289 888 333 ad
917 305 1087 333 omnem
1114 289 1324 334 rationem
1342 326 1353 348 ,
1391 301 1431 336 et
1456 309 1534 336 au—

183 370 294 412 rium
319 369 601 431 voluptatem,
630 380 672 413 et
696 371 939 413 animorum
961 380 1127 413 motum
1151 380 1345 414 mutatur
1368 382 1410 415 et
1432 389 1531 415 ver-

184 450 299 492 titur.

240 530 324 573 Sed
341 540 386 573 ut
408 530 450 572 in
472 528 685 590 plerisque
710 530 835 573 rebus
861 527 1171 574 incredibiliter
1197 529 1280 572 hoc
1303 538 1457 572 natura
1473 539 1532 573 cst

180 611 269 671 ipsa
295 609 516 664 fabricata,
545 611 606 653 sic
636 612 679 653 in
716 611 934 666 oratione3
973 619 1022 653 ut
1057 626 1131 663 ea,
1171 625 1265 669 quae
1300 610 1530 652 maximam

179 688 407 733 utilitatem
433 690 476 732 in
499 706 541 733 se
571 691 863 744 continerent,
888 689 1035 733 eadem
1061 689 1270 733 haberent
1297 688 1532 749 plurimum

178 768 254 820 vel,
276 756 518 829 dignitatis,
544 769 609 814 vel
645 787 754 831 saepe
778 772 908 814 etiam
936 770 1182 814 venustatis.
1216 768 1531 813 Incolumitatis

177 865 226 892 ac
249 848 398 893 salutis
424 851 617 894 omnium
644 867 770 895 causa
791 850 984 894 videmus
1003 851 1120 894 hunc
1142 859 1300 894 statum
1336 866 1426 893 esse
1450 850 1529 894 hu-

174 929 242 988 jus
278 930 407 973 totius
447 929 595 973 mundi
624 940 752 990 atque
781 941 971 987 naturae,
1005 930 1242 974 rotundum
1275 939 1323 973 ut
1357 929 1532 986 coelum,

178 1018 379 1069 terraque
408 1019 454 1053 ut
478 1009 618 1053 media
652 1010 730 1066 sit,
756 1026 890 1070 eaque
922 1027 997 1054 sua
1020 1010 1060 1054 vi
1087 1020 1284 1070 nutuque
1314 1019 1531 1057 teneatur:

177 1088 238 1132 sol
264 1100 311 1132 ut
338 1090 680 1145 circumferatur,
716 1101 764 1134 ut
789 1090 964 1135 accedat
984 1090 1037 1134 ad
1060 1090 1254 1134 brumale
1277 1091 1470 1152 signum,
1490 1100 1530 1133 et

178 1169 276 1212 inde
298 1171 454 1213 sensim
475 1170 677 1214 ascendat
692 1172 734 1214 in
751 1171 960 1215 diversam
976 1181 1144 1232 partem
1158 1189 1169 1228 3
1185 1170 1344 1214 utluna
1359 1187 1529 1215 accessu

176 1259 218 1292 ct
239 1266 407 1294 recessu
429 1267 506 1294 suo
521 1250 621 1295 solis
639 1251 784 1296 lumen
805 1253 1012 1312 accipiat;
1031 1261 1078 1296 ut
1094 1251 1241 1296 eadem
1258 1253 1394 1312 spatia
1411 1253 1533 1312 quin·

176 1347 260 1390 que
282 1330 412 1374 stellae
438 1331 598 1391 dispari
627 1341 767 1387 motu,
791 1349 1006 1392 cursuque
1029 1333 1273 1377 conficiant.

239 1413 337 1454 Haec
367 1420 526 1454 tantam
556 1412 719 1455 habent
746 1413 857 1468 vim,
886 1422 934 1455 ut
970 1412 1162 1472 paullum
1195 1413 1423 1454 immutata
1458 1428 1529 1455 co-

175 1491 335 1534 haerere
369 1508 454 1534 non
481 1492 665 1551 possint;
697 1501 863 1535 tantam
900 1490 1290 1551 pulchritudinem,
1327 1500 1375 1534 ut
1410 1490 1531 1534 nulla

174 1571 336 1630 species
371 1587 424 1614 ne
461 1571 695 1630 excogitari
733 1570 906 1629 quidem
939 1571 1074 1630 possit
1106 1572 1314 1613 ornatior.
1352 1571 1529 1615 Referte

173 1668 288 1695 nunc
318 1653 510 1694 animum
542 1650 595 1693 ad
623 1650 870 1706 hominum,
907 1649 971 1693 vel
1007 1651 1139 1693 etiam
1168 1659 1410 1694 ceterorum
1437 1652 1530 1694 ani-

174 1732 384 1774 mantium
414 1731 595 1774 formam
626 1740 668 1774 et
694 1730 876 1791 figuram
908 1747 917 1773 :
948 1729 1112 1773 nullam
1145 1740 1313 1790 partem
1335 1731 1528 1791 corporis

175 1813 264 1855 sine
291 1810 434 1871 aliqua
451 1811 702 1855 necessitate
722 1810 936 1867 affictam,
954 1819 1177 1870 totamque
1202 1809 1385 1853 formam
1405 1810 1527 1870 quasi

174 1891 408 1952 perfectam
434 1892 656 1952 reperietis
683 1901 793 1946 arte,
816 1908 904 1934 non
925 1907 1039 1935 casu.

231 1974 388 2016 XLVI.
418 1971 538 2028 Quid
556 1972 598 2013 in
611 1970 861 2027 arboribus,
877 1972 920 2014 in
940 1971 1096 2030 quibus
1112 1986 1198 2013 non
1219 1980 1415 2024 truncus,
1437 1986 1522 2014 non

171 2053 298 2107 rami,
324 2069 411 2096 non
435 2051 536 2096 folia
566 2062 665 2095 sunt
696 2050 904 2112 denique,
931 2052 1011 2094 nisi
1035 2051 1088 2094 ad
1113 2067 1233 2094 suam
1256 2051 1521 2095 retinendam

170 2132 593 2192 conservandamque
606 2131 830 2175 naturam?
845 2147 1056 2191 nusquam
1072 2140 1215 2174 tamen
1229 2141 1292 2174 est
1307 2130 1392 2174 ulla
1405 2146 1502 2191 pars
1512 2165 1524 2185 ,

169 2213 251 2256 nisi
279 2222 468 2256 venusta.
505 2213 771 2272 Linquamus
802 2221 1023 2266 naturam,
1061 2220 1258 2271 artesque
1286 2211 1522 2254 videamus.

171 2291 291 2349 Quid
312 2302 398 2336 tam
416 2292 459 2335 in
481 2293 653 2354 navigio
672 2292 955 2336 necessarium
971 2308 1124 2352 ,quam
1140 2291 1290 2347 latera,
1312 2307 1440 2351 quam
1458 2307 1523 2334 ca·

169 2388 330 2429 vernae,
351 2388 480 2432 quam
496 2388 648 2432 prora,
666 2389 794 2432 quam
813 2372 986 2431 puppis,
1006 2388 1135 2431 quam
1149 2380 1376 2427 antemnae,
1392 2386 1521 2430 quam

168 2452 282 2508 vela,
303 2469 432 2512 quam
456 2451 582 2495 mali?
607 2468 699 2511 quae
726 2462 870 2495 tamen
898 2452 1008 2494 lianc
1040 2451 1201 2495 habent
1225 2453 1268 2493 in
1292 2451 1429 2510 specie
1450 2465 1520 2492 ve-

170 2542 404 2587 nustatem,
419 2541 466 2574 ut
478 2548 563 2574 non
577 2530 716 2574 solum
732 2531 895 2584 salutis,
908 2530 979 2574 sed
994 2537 1120 2574 etiam
1132 2530 1362 2590 voluptatis
1375 2544 1517 2581 causa,

169 2614 343 2656 inventa
370 2629 459 2655 esse
486 2612 727 2655 videantur.
755 2611 978 2656 Columnae
1004 2621 1046 2654 et
1076 2610 1233 2671 templa
1257 2619 1298 2652 et
1326 2609 1517 2669 porticus
