1843 3166
312 164 360 212 9⁸
833 160 896 192 niz
925 158 1165 193 ORATORF„

306 249 422 297 tuin,
452 252 610 286 inserte
639 246 800 297 «licere,
841 243 970 302 idque
999 243 1031 284 si
1059 243 1155 301 quis
1196 242 1235 283 in
1277 239 1357 282 alia
1396 247 1487 281 arte
1520 236 1641 279 facia!
1663 270 1674 288 ,

306 341 403 368 enni
429 334 621 367 assumto
647 324 822 367 aliunde
851 324 910 366 uti
944 324 1082 377 bono,
1115 340 1199 365 non
1227 321 1430 382 proprio,
1456 334 1535 361 nee
1554 333 1644 360 sno.

369 409 498 450 —Et
523 408 726 457 Crassus,
759 407 849 448 Nox
875 415 935 459 te,
966 406 1131 464 inquit,
1163 404 1309 458 nobis,
1336 401 1522 455 Antoni,
1549 414 1679 458 expo-

308 487 424 539 livit,
464 487 775 545 hominemque
814 485 1017 528 reddidit.
1059 486 1172 528 Nam
1213 485 1416 527 hesterno
1453 496 1680 529 sermone,

1474 578 1570 623 geni
1599 559 1680 603 ali-

312 664 469 707 quem,
503 658 575 692 ant
605 647 825 708 bajulum,
856 648 979 691 nobis
1006 657 1224 691 oratorem
1250 645 1563 705 descripseras,
1592 643 1685 685 ino-

308 568 436 611 unius
466 568 690 627 eujusdam
720 568 882 628 operis,
924 576 970 610 ut
1006 567 1063 609 ait
1099 564 1318 620 (Joecilius,
1363 563 1468 606 remi

308 747 404 790 peni
431 728 663 789 queindani
697 729 982 772 humanitatis
1015 738 1143 788 atque
1181 728 1456 770 inurbanum.
1485 753 1547 758 —
1570 727 1681 767 Tum

313 811 556 864 Antonius,
591 811 694 853 Heri
721 811 861 865 eniin,
902 810 1064 868 inquit,
1106 809 1188 851 hoe
1211 808 1317 850 mihi
1343 822 1683 867 proposueram,

313 901 379 947 ut,
415 892 448 935 si
480 902 518 935 te
551 890 826 946 refellissem,
867 890 945 933 hos
985 907 1007 933 a
1042 900 1083 932 te
1118 887 1353 949 discipulos
1387 887 1683 931 abducerem:

314 989 450 1027 nune,
476 972 634 1016 Catulo
651 972 854 1014 audiente
878 981 918 1014 et
934 973 1123 1027 Csesare,
1145 970 1296 1013 videor
1314 970 1471 1013 debere
1490 986 1578 1012 non
1598 978 1684 1011 tani

314 1069 509 1114 pugnare
532 1062 694 1105 tecum,
720 1067 872 1110 quani,
899 1051 1004 1110 quid
1030 1051 1121 1111 ipse
1145 1052 1350 1105 sentiam,
1381 1051 1538 1093 dicere.

379 1133 588 1193 Sequitur
609 1133 759 1193 igitur,
787 1133 995 1192 quoniam
1020 1132 1145 1176 nobis
1165 1141 1230 1175 est
1252 1132 1348 1186 hic,
1374 1131 1426 1174 de
1449 1147 1536 1191 quo
1557 1128 1690 1190 loqui-

317 1232 430 1266 mur,
468 1215 513 1258 in
538 1213 634 1257 foro
657 1223 787 1273 atque
818 1214 861 1256 in
891 1212 1027 1257 oeulis
1061 1213 1223 1256 civium
1257 1211 1615 1266 constituendus,
1644 1221 1694 1255 ut

319 1294 568 1350 videamus,
598 1293 704 1353 quid
732 1294 770 1337 ei
798 1294 960 1354 negotii
989 1293 1159 1348 demus,
1198 1294 1354 1353 ruique
1391 1309 1489 1336 euin
1523 1291 1690 1335 muneri

323 1373 505 1418 velimus
527 1391 618 1418 esse
639 1375 934 1434 praepositum.
960 1375 1074 1417 Nam
1095 1375 1278 1417 Crassus
1301 1374 1418 1429 lleri,
1443 1390 1578 1433 quum
1600 1389 1695 1425 VOS,

323 1455 478 1499 Catule
505 1465 545 1498 et
571 1458 728 1508 Caesav,
761 1472 848 1499 non
880 1455 1106 1511 adessetis,
1136 1456 1283 1515 posuit
1306 1454 1495 1497 breviter
1522 1454 1565 1496 in
1592 1454 1696 1496 artis

325 1537 634 1580 distributione
659 1536 796 1591 idem,
823 1536 940 1595 quod
960 1536 1102 1579 Graeci
1123 1534 1320 1596 plerique
1342 1545 1607 1595 posuerunt,
1631 1550 1699 1577 ne-

324 1633 407 1675 que
436 1632 538 1659 sane
560 1615 666 1675 quid
691 1616 781 1675 ipse
811 1616 1018 1670 sentiret,
1047 1616 1120 1659 sed
1144 1616 1249 1675 quid
1274 1617 1327 1659 ab
1352 1615 1436 1659 illis
1462 1616 1695 1671 diceretur,

327 1696 517 1740 ostendit
538 1713 547 1739 ε
578 1695 666 1739 duo
690 1696 830 1756 prima
851 1712 1011 1757 genera
1034 1696 1322 1755 quaestionum
1344 1713 1455 1753 esse,
1478 1698 1522 1740 in
1542 1697 1700 1756 quibus

328 1777 577 1837 eloquentia
594 1786 853 1832 versaretur,
886 1794 1021 1821 unum
1043 1777 1265 1820 infinitum
1279 1813 1290 1833 ,
1315 1777 1500 1821 alterum
1518 1787 1697 1821 eertum.

390 1857 618 1900 Infinitum
649 1857 755 1900 mihi
786 1856 1017 1901 videbatur
1047 1857 1090 1900 id
1126 1857 1290 1913 dicere,
1332 1859 1375 1901 in
1414 1875 1502 1918 quo
1534 1857 1698 1918 aliquid

329 1937 569 1998 generatim
594 1947 879 1997 quaereretur,
905 1938 988 1981 hoe
1013 1938 1145 1981 modo
1170 1956 1179 1981 :
1216 1958 1235 1979 ι(
1256 1939 1566 1999 Expetendane
1593 1947 1702 1982 esset

331 2037 351 2058 (ι
371 2017 650 2077 eloquentia?
677 2018 963 2077 expetendine
989 2018 1206 2062 honores?
1226 2038 1246 2059 »
1273 2028 1441 2062 eertum
1465 2028 1633 2073 autem,
1659 2020 1703 2061 in

333 2115 421 2157 quo
440 2097 547 2157 quid
567 2098 611 2140 in
637 2099 852 2158 personis,
874 2107 916 2142 et
938 2099 982 2142 in
1002 2100 1237 2143 constituta
1262 2115 1308 2142 re
1327 2110 1367 2143 et
1392 2099 1569 2143 definita
1591 2116 1706 2161 quae-

334 2188 504 2222 reretur
529 2194 538 2221 :
570 2178 815 2238 eujusmodi
839 2189 960 2235 sunt,
986 2196 1079 2240 quae
1106 2181 1150 2223 in
1174 2181 1289 2237 foro,
1320 2191 1451 2241 atque
1476 2181 1519 2224 in
1544 2182 1705 2224 civium

336 2259 475 2302 causis
505 2259 982 2320 disceptationibusque
1007 2270 1248 2304 versantur.

399 2341 462 2383 Ea
485 2339 594 2382 mihi
618 2338 822 2382 videntur
854 2350 927 2383 aut
958 2341 1001 2383 in
1028 2339 1102 2384 lite
1126 2342 1391 2398 ordinanda,
1431 2353 1506 2386 aut
1532 2343 1575 2385 in
1604 2359 1707 2386 con-

339 2417 435 2462 silio
461 2417 606 2461 dando
629 2434 721 2462 esse
750 2420 888 2479 posita
918 2436 926 2462 :
969 2437 1068 2463 nam
1101 2420 1209 2464 illud
1236 2423 1437 2479 tertium,
1475 2423 1592 2482 quod
1618 2433 1660 2467 et
1684 2441 1708 2467 a

340 2501 495 2543 Crasso
525 2508 687 2542 tactum
717 2510 803 2556 est,
838 2510 899 2557 et,
939 2511 989 2545 ut
1019 2502 1171 2559 audio,
1202 2502 1272 2546 ille
1302 2504 1393 2563 ipse
1424 2503 1707 2560 Aristoteles,

342 2581 417 2638 qui
441 2581 532 2623 haee
558 2580 744 2623 maxime
773 2579 1033 2639 illustravit,
1057 2583 1275 2644 adjunxit,
1301 2585 1467 2628 etiamsi
1490 2602 1598 2645 opus
1624 2596 1707 2642 est,
