1843 3166
333 199 378 239 (ἷῖ.
846 194 910 228 DE
940 191 1177 227 ORATORF]

335 283 547 335 ‹licerem3
576 289 804 338 utererque
839 275 1042 337 exemplis
1076 275 1378 319 Africanorum
1407 283 1450 315 et
1480 274 1695 316 Maximo-

337 378 453 415 rum;
478 359 823 421 Epaminondam
855 367 984 417 atquc
1009 353 1320 405 Hannibalem,
1346 363 1474 414 atquc
1506 353 1597 413 ejus
1623 368 1698 413 ge-

336 443 449 486 neris
476 441 670 484 hominos
698 439 980 482 nominarem.

400 523 473 565 Sin
505 531 647 564 autem
675 534 987 580 quaerercmus,
1009 517 1105 576 quis
1131 525 1237 559 essct
1268 516 1324 570 is,
1350 515 1424 574 qni
1451 513 1505 556 nd
1527 529 1703 573 rempu-

339 601 494 645 blicam
538 598 848 644 moderandam
884 613 1034 651 usum,
1073 606 1116 640 et
1153 596 1401 650 scientiam,
1434 604 1477 637 et
1510 592 1702 637 studium

338 698 464 724 suum
501 679 774 734 contulisset,
819 677 1040 721 delinirem
1078 677 1160 719 hoc
1199 674 1365 718 modo:
1410 675 1508 733 qui,
1544 673 1703 733 quibus

337 762 466 805 rebus
507 760 669 804 utilitas
706 757 953 819 reipublicae
991 765 1217 817 pararetur
1255 764 1601 815 augereturque,
1638 763 1703 797 te-

340 851 480 896 neret,
515 842 650 901 iisque
687 848 907 893 uteretur3
948 837 1065 880 hunc
1104 834 1352 896 reipublicae
1392 843 1626 890 rectorem,
1657 841 1706 876 et

339 921 506 966 consilii
538 920 703 982 publici
737 929 957 964 auctorem
987 934 1077 961 csse
1108 915 1381 971 habendum3
1408 913 1707 976 praedicarem-

341 1019 424 1062 que
451 1005 497 1046 P.
522 1000 777 1055 Lentulum,
804 1000 1049 1060 principem
1081 996 1224 1053 illum,
1256 1006 1298 1040 et
1325 996 1419 1040 Tib.
1453 995 1706 1039 Gracchum

341 1092 530 1142 patrem,
548 1091 589 1125 et
611 1083 667 1138 Q.
686 1078 932 1134 Metellum,
952 1087 994 1121 et
1016 1080 1062 1121 P.
1085 1077 1363 1132 Africanum,
1381 1085 1422 1119 et
1439 1077 1486 1119 C.
1503 1074 1708 1131 Laelium,

339 1172 382 1206 et
409 1159 744 1206 innumerabiles
773 1158 878 1204 alios
905 1175 1041 1219 quum
1064 1173 1115 1201 ex
1146 1166 1295 1202 nostra
1319 1157 1513 1212 civitate,
1539 1165 1632 1200 tum
1658 1171 1709 1199 ex

342 1243 506 1287 ceteris.

407 1323 482 1367 Sin
518 1332 662 1366 autem
697 1330 983 1382 quaereretur,
1016 1320 1216 1380 quisnam
1245 1317 1582 1379 jurisconsultus
1609 1333 1710 1361 vere

347 1390 666 1458 nominaretur3
689 1418 787 1446 eum
808 1401 1012 1458 dicerem,
1032 1401 1106 1460 qui
1128 1398 1295 1461 legum,
1318 1409 1361 1442 et
1384 1397 1711 1442 consuetudinis

348 1485 460 1545 ejus,
483 1500 568 1544 qua
592 1483 747 1544 privati
775 1483 818 1526 in
845 1482 1018 1526 civitate
1040 1490 1286 1535 uterentur,
1309 1489 1352 1523 et
1371 1479 1424 1524 ad
1445 1478 1712 1540 responden-

348 1564 473 1620 dum,
508 1574 550 1608 et
581 1564 634 1608 ad
661 1562 898 1624 agendum,
935 1571 977 1605 et
1000 1561 1054 1605 ad
1085 1560 1346 1617 cavendum,
1379 1562 1543 1621 peritus
1578 1569 1712 1616 esset3

348 1653 391 1687 et
417 1660 468 1688 ex
487 1660 538 1688 eo
559 1660 714 1705 genere
742 1644 837 1687 Sex,
865 1641 1046 1698 AElium,
1070 1641 1143 1685 Μ’.
1169 1641 1419 1698 Manilium,
1442 1643 1488 1685 P.
1514 1641 1713 1685 Mucium

347 1726 630 1769 nominarem.

411 1807 569 1849 XLIX.
591 1807 755 1865 Atque,
769 1814 816 1849 ut
832 1805 921 1865 jam
937 1803 991 1848 ad
1009 1802 1169 1847 leviora
1187 1803 1346 1847 artium
1364 1803 1508 1847 studia
1525 1804 1714 1860 veniam,

349 1887 386 1930 si
412 1886 627 1942 musicus,
654 1886 689 1929 si
717 1885 1046 1946 grammaticus,
1074 1884 1108 1927 si
1131 1894 1258 1944 poeta
1287 1894 1526 1944 quaeratur,
1553 1885 1713 1944 possim

350 1965 548 2009 similiter
577 1963 811 2026 explicare,
839 1964 943 2025 quid
974 1981 1126 2008 eorum
1157 1964 1341 2024 quisque
1365 1964 1645 2024 profiteatur,
1673 1974 1716 2007 et

348 2064 436 2107 quo
459 2063 547 2090 non
567 2045 751 2106 amplius
771 2046 824 2089 ab
843 2062 1017 2106 quoque
1038 2046 1092 2088 sit
1114 2043 1439 2106 postulandum.
1457 2044 1714 2105 Philosophi

349 2126 536 2186 denique
565 2126 718 2185 ipsius,
748 2126 824 2185 qui
853 2124 905 2168 de
936 2141 1013 2168 sua
1046 2125 1087 2167 vi
1116 2141 1166 2168 ac
1193 2124 1402 2185 sapientia
1433 2141 1546 2168 unus
1569 2125 1715 2168 omnia

350 2222 471 2266 paene
500 2205 748 2265 profitetur,
785 2214 849 2248 est
885 2214 1028 2248 tamen
1065 2204 1262 2265 quaedam
1295 2204 1550 2265 descriptio,
1583 2214 1630 2248 ut
1660 2206 1716 2260 is,

351 2286 426 2345 qui
453 2285 624 2329 studeat
657 2286 852 2328 omnium
887 2302 1033 2329 rerum
1065 2285 1310 2329 divinarum
1341 2294 1471 2345 atque
1503 2285 1715 2329 humana-

350 2381 448 2408 rum
480 2365 591 2420 vim,
631 2375 831 2409 naturam
863 2382 1101 2426 causasque
1135 2382 1279 2423 nosse,
1318 2376 1361 2410 et
1394 2382 1568 2410 omnem
1606 2367 1716 2410 bene

351 2444 525 2488 vivendi
550 2445 759 2489 rationem
787 2455 929 2489 tenere
952 2456 993 2490 et
1018 2447 1238 2507 persequi,
1266 2447 1442 2490 nomine
1467 2447 1550 2490 hoc
1571 2445 1717 2507 appel-

353 2523 477 2568 letur.

417 2606 647 2648 Oratorem
672 2615 815 2649 autem
830 2640 841 2662 ,
863 2608 1068 2666 quoniam
1092 2607 1144 2651 de
1168 2624 1217 2651 eo
1238 2609 1494 2669 quaerimus,
1515 2607 1713 2667 equidem
