1843 3166
575 224 975 260 ADNOTATIONES.
1380 226 1398 261 3
1408 238 1419 259 1
1430 225 1450 259 3

103 308 238 336 temere
257 300 402 337 irruisse
417 301 452 336 in
466 300 564 335 hunc
583 300 792 349 dialogum,
810 298 963 347 fingitur
983 298 1126 334 occasio
1151 306 1185 334 et
1204 300 1297 335 ratio
1318 301 1457 337 adven-

104 369 161 397 tus
192 362 398 410 utriusque.
427 363 490 397 Est
515 368 636 397 autem
657 360 948 405 observandum,
969 360 1007 394 in
1028 360 1099 394 hoc
1117 366 1198 395 toto
1223 373 1356 409 genere
1377 375 1454 398 ser—

104 424 224 458 monis
248 423 443 459 mirificum
467 434 710 469 personarum
732 422 908 456 decorum
934 420 1108 468 exprimi,
1136 421 1223 456 dum
1251 424 1401 459 Catulus
1423 431 1459 459 et

105 484 144 518 C.
165 484 282 519 Julius
301 497 345 519 ex
363 485 490 520 Crasso
511 495 716 518 sermonem
741 482 902 529 aliquem
926 482 1055 517 elicere
1075 489 1267 525 conantur,
1296 489 1331 517 et
1351 485 1459 520 Cras-

104 557 182 590 sus,
204 545 404 580 retincndae
430 544 551 579 senilis
577 543 766 592 gravitatis
785 543 922 591 gratia,
944 554 1078 577 munus
1096 542 1167 577 hoc
1191 548 1311 576 totum
1331 543 1461 590 dispu-

106 606 254 641 tationis
282 606 320 640 in
346 605 552 640 Antonium
571 604 703 650 rejicit.
728 605 837 640 Plura
864 604 910 638 de
933 603 1064 638 Catulo
1086 610 1121 638 et
1147 604 1185 638 C.
1214 603 1312 638 Julio
1339 603 1463 638 videas

105 667 142 700 in
165 668 298 709 Bruto,
320 679 350 701 c.
370 679 468 701 xxxv
488 673 523 701 et
545 678 681 700 xrvin.

159 728 245 762 Cn.
266 728 330 762 IV.
362 728 470 773 Quod
495 739 540 762 ne
558 728 771 761 adolescens
799 726 947 773 quidem
962 724 1143 770 feceram.
1171 724 1464 760 Adolescentiam

104 787 218 836 igitur
246 788 374 823 Cicero
393 787 564 835 perducit
583 787 631 822 ad
652 799 789 822 annum
813 787 881 830 34;
900 798 985 821 nam
1012 798 1056 821 eo
1079 797 1176 820 anno
1202 786 1352 821 Crassus
1377 798 1464 821 ora-

105 848 244 884 tionem
262 849 393 884 habuit
406 877 415 894 ,
441 862 522 896 quae
543 849 728 894 exstabat,
749 860 820 895 pro
839 849 918 895 lege
941 847 1104 883 Servilia.
1125 847 1254 882 Cicero
1273 859 1465 894 nunquam

107 909 293 944 occasioni
312 910 414 945 deest
434 909 654 945 ostendendi
676 909 715 943 in
735 910 864 944 Crasso
884 909 1070 955 exemplar
1088 908 1275 955 gravitatis
1294 919 1467 951 romanae,

109 982 223 1018 quam
248 971 388 1006 levitati
413 973 628 1006 Graecorum
655 970 834 1017 opponit,
860 969 973 1018 magis
998 969 1187 1013 doctrina,
1210 968 1274 1003 sed
1300 981 1376 1004 non
1403 981 1465 1004 sa—

107 1031 246 1078 pientia
274 1032 564 1067 clarescentium.
585 1032 711 1075 Unde,
739 1030 851 1075 infra,
881 1031 960 1077 ejus
985 1029 1164 1078 digressio
1192 1030 1237 1064 de
1264 1042 1357 1064 voce
1387 1030 1467 1065 ine—

104 1098 215 1138 ptus,
249 1104 359 1139 quam
385 1093 502 1127 Graeci
522 1092 645 1136 etiam,
667 1098 795 1127 contra
816 1091 1003 1127 Ciceronis
1029 1090 1267 1138 opinionem,
1291 1090 1382 1124 mihi
1405 1090 1466 1124 vi—

108 1153 244 1188 dentur
271 1153 309 1187 in
327 1153 383 1188 his
401 1153 524 1189 verbis
542 1154 679 1189 habere
701 1167 708 1188 :
731 1160 864 1197 ἄτοπος,
885 1160 1055 1203 ἄχρηστος,
1084 1159 1236 1202 ἀπρεπὴς.

159 1214 244 1248 Cn.
273 1215 337 1249 v1.
370 1215 525 1249 Loelium
550 1216 740 1249 Decimum
761 1216 856 1249 volo.
886 1212 1038 1258 Nescio,
1068 1214 1240 1248 consulto
1269 1224 1315 1247 an
1343 1224 1470 1248 errore

106 1275 145 1308 in
168 1274 327 1322 vulgatis
347 1275 572 1310 editionibus
591 1287 733 1310 comma
751 1282 838 1322 post
860 1275 1010 1309 Laelium
1035 1281 1207 1320 ponatur.
1229 1274 1320 1308 Tam
1346 1274 1468 1308 maui-

107 1335 240 1370 festum
252 1347 342 1370 vero
367 1335 496 1370 vitium
515 1348 593 1371 non
613 1348 740 1383 passus
759 1348 839 1371 sum
858 1335 996 1370 diutius
1023 1334 1193 1370 Ciceroni
1213 1334 1470 1372 adhaerescere.

109 1396 259 1442 Quippe
280 1396 410 1432 Cicero
438 1397 600 1445 singulos
619 1397 769 1444 singulis
788 1396 947 1443 opponit
969 1395 1163 1430 Decimum
1180 1395 1323 1439 Persio,
1343 1395 1470 1429 addit-

110 1468 184 1503 que
209 1457 404 1492 relativum
423 1470 528 1504 quem
546 1470 623 1492 non
641 1470 742 1504 quos.
764 1458 901 1492 Omnes
923 1462 1066 1490 veteres
1087 1454 1268 1490 editiones
1296 1454 1473 1489 omittunt

109 1516 209 1551 istud
235 1529 400 1561 comma;
426 1518 465 1552 in
485 1531 562 1565 quo
583 1518 743 1553 delendo
764 1517 855 1552 nihil
875 1517 981 1552 dubii
1003 1524 1068 1552 est.
1088 1518 1215 1551 Restat
1236 1522 1356 1551 tamen
1380 1516 1474 1551 alius

108 1577 242 1613 modus
268 1589 276 1612 τ
306 1590 490 1625 nusquam
510 1579 607 1613 enim
628 1577 802 1612 Decimus
823 1588 1029 1624 cognomen
1049 1583 1113 1610 est.
1133 1576 1206 1611 Sed
1232 1577 1406 1622 praeclare
1424 1576 1472 1611 ad

109 1638 203 1674 hanc
222 1651 301 1673 rem
320 1639 424 1681 facit,
447 1638 551 1684 quod
571 1638 623 1672 Cl.
644 1636 886 1683 Spanhemius
905 1636 943 1670 in
968 1649 1035 1671 suo
1055 1642 1214 1671 tractatu
1239 1635 1284 1670 de
1302 1648 1342 1670 re
1359 1648 1472 1670 num-

110 1699 224 1734 maria
252 1698 481 1743 observavit,
507 1710 641 1745 nempe
669 1696 863 1744 saepissime
890 1709 1104 1744 praenomen
1130 1696 1308 1744 postponi
1332 1697 1473 1732 nomini

111 1760 239 1809 gentis.
261 1760 339 1805 Sic,
359 1760 397 1795 in
416 1760 526 1795 Dion.
548 1759 753 1803 Halicarn.,
771 1759 884 1793 habes
903 1765 1007 1797 Πίσων
1029 1765 1151 1802 Δεύχιςς
1165 1765 1200 1793 et
1219 1765 1342 1802 Γέλλιος
1352 1765 1472 1802 Γναῖος,

112 1821 134 1855 l.
161 1833 193 1855 11
217 1821 340 1868 Antiq.
361 1832 600 1855 romanarum
607 1833 621 1862 ,·
641 1819 743 1866 apud
768 1819 927 1854 Dionem
947 1831 1117 1867 quoque,
1145 1819 1343 1866 ipsumque
1364 1819 1471 1854 Cice-

113 1894 261 1926 ronem,
281 1881 337 1916 vir
355 1881 454 1917 idem
474 1880 706 1916 doctissimus
725 1880 934 1915 observavit
958 1881 1112 1928 parilem
1138 1879 1277 1915 ordinis
1295 1879 1473 1915 mutatio-

114 1955 208 1978 nem.
223 1944 342 1977 Porro
363 1942 533 1989 Onupbr.
559 1940 774 1985 Panvinius,
798 1940 837 1975 in
857 1941 919 1975 lib.
940 1942 986 1975 cle
1006 1941 1221 1975 Nominibus
1239 1942 1364 1982 Rom.,
1385 1940 1475 1975 dicit

116 2017 152 2039 se
177 2003 305 2051 legisse
325 2003 505 2038 Manlium
527 2002 701 2038 Cnaeium.
728 2003 826 2049 Ergo
846 2003 983 2036 Loelius
1003 2003 1176 2036 Decimus
1195 2002 1294 2037 idem
1315 2003 1413 2036 valet
1433 2013 1476 2036 ac

116 2065 286 2099 Decimus
305 2065 456 2100 Loelc'us.
476 2066 679 2099 Pmnems.
700 2083 750 2089 -—
768 2063 853 2098 Fuit
864 2063 924 2097 hic
944 2062 1074 2098 Laelius
1094 2063 1228 2098 latinus
1247 2070 1378 2110 poeta,
1397 2075 1474 2097 non

117 2125 309 2170 indoctus,
333 2125 398 2161 sed
418 2138 496 2160 non
516 2137 600 2160 cum
618 2124 765 2168 Persio,
785 2124 831 2159 de
855 2136 931 2172 quo
958 2123 1017 2158 hic
1036 2123 1169 2172 agitur,
1189 2124 1478 2171 comparandus,

118 2194 229 2235 atque
258 2187 316 2222 hic
340 2187 471 2222 Laelius
493 2186 637 2234 scripsit
652 2184 922 2236 ἑρωτοπαὶγνιον,
938 2192 979 2220 ut
1003 2185 1150 2230 ait‚lib.
1170 2199 1221 2230 11,
1243 2187 1361 2221 Aulus
1386 2186 1476 2220 Gel—

117 2248 197 2283 lius.
217 2248 306 2282 ΤΑι.

171 2309 258 2344 Cn.
286 2307 389 2342 VIII.
409 2307 473 2341 Ad
496 2307 736 2355 excipiendas
755 2319 877 2341 eorum
897 2307 1113 2342 voluntates.
1140 2306 1309 2342 Fortasse
1339 2306 1387 2341 ad
1405 2317 1476 2340 ex—

120 2369 297 2403 citandas.
322 2368 523 2402 Muass'rus.
548 2388 599 2393 —
618 2367 788 2403 Lambini
813 2367 890 2401 MS.
921 2367 1131 2415 captandas
1140 2380 1154 2410 ;
1179 2366 1244 2401 sed
1273 2378 1359 2401 cave
1385 2366 1479 2414 quid

121 2436 239 2465 mutes
252 2456 261 2474 ,
287 2429 336 2463 ait
353 2428 541 2471 Pearciu53
567 2429 628 2464 illa
648 2442 723 2464 vox
741 2429 860 2473 enim,
884 2427 1004 2472 addit,
1023 2428 1121 2464 idem
1140 2429 1236 2463 valet
1255 2440 1296 2463 ac
1315 2429 1407 2473 haec,
1439 2434 1481 2461 ut

122 2490 161 2525 in
181 2489 326 2526 Horatii
340 2489 462 2536 Epist.
477 2516 486 2532 ,
505 2489 568 2523 lib.
594 2502 627 2534 1,
653 2502 704 2525 vs.
727 2490 793 2534 78,
812 2501 870 2536 ep.
898 2502 909 2523 1
936 2502 943 2523 :

264 2591 271 2597 .
288 2591 295 2597 .
315 2590 322 2596 .
341 2589 349 2596 .
369 2563 469 2595 Pomis
488 2563 595 2595 viduas
610 2571 760 2596 venantur
778 2575 902 2601 avaras,

265 2619 499 2664 Escipmntque
516 2630 615 2658 senes,
635 2630 710 2661 quos
728 2619 758 2651 in
779 2619 893 2651 vivaria
913 2619 1044 2651 mittant.
