1843 3166
325 265 341 286 2
840 250 901 282 mi
932 249 1168 282 ORA't'Ottl‘]

383 339 525 390 Quam
566 349 682 391 spi-in
723 333 1032 392 cogitationum
1070 342 1106 373 rt
1146 331 1426 373 ronsiliortnn
1463 348 1679 385 meorum,

323 430 454 473 qunni
483 429 632 473 graves
664 412 958 453 ronunnninm
991 421 1259 469 temporum,
1292 421 1382 454 tuin
1413 411 1514 453 varii
1546 415 1679 454 nostri

324 510 445 536 rasus
476 491 730 535 sestllrrnnt.
761 493 893 545 Nam,
924 492 995 549 qui
1027 491 1141 533 locus
1173 491 1329 549 quietis
1364 501 1402 533 et
1441 491 1681 551 tranquilli-

325 575 420 616 tatis
452 572 718 631 plenissimus
758 571 846 613 sort·
881 571 1122 625 videbatur,
1160 572 1199 612 in
1240 587 1290 613 (⁸0
1325 573 1518 613 maxima:
1550 570 1681 613 moles

325 651 637 703 molestiarum,
658 660 695 692 et
722 649 1097 692 turbulentissimae
1115 659 1389 709 tempestates
1411 652 1681 693 exstiterunt.

325 733 476 789 Neque
507 747 608 772 vero
639 731 760 772 nobis
788 730 1061 788 rupientibus
1086 740 1215 788 atque
1241 731 1545 790 exoptantibus
1568 730 1681 773 sruc-

326 821 392 853 tns
424 811 498 852 otii
532 810 656 852 datus
688 820 748 851 est
780 809 831 851 nd
865 827 934 852 ras
968 820 1100 859 artes,
1136 810 1292 868 quibus
1320 826 1342 851 a
1370 811 1513 868 pueris
1549 809 1678 852 dediti

324 891 502 943 fuimus,
529 887 824 942 celebrandas,
852 890 962 930 inter
986 904 1149 947 nosque
1173 887 1433 930 recolendas.

386 971 498 1011 Nam
523 971 659 1027 prima
681 978 803 1011 aetate
826 967 1056 1010 incidimus
1083 969 1124 1009 in
1151 969 1285 1027 ipsam
1312 968 1681 1026 perturbationem

324 1047 560 1107 disciplinae
587 1049 741 1090 veteris
766 1064 773 1090 :
800 1057 842 1089 et
869 1046 1094 1089 consulatu
1129 1048 1382 1089 devenimus
1414 1048 1455 1089 in
1492 1047 1682 1090 medium

326 1144 468 1170 reruni
496 1128 692 1169 omnium
717 1135 933 1168 certamen
959 1135 1087 1184 atque
1114 1126 1345 1168 discrimen
1369 1143 1377 1168 ε
1405 1136 1447 1168 et
1470 1126 1552 1169 hoc
1577 1135 1684 1169 tem-

326 1223 405 1266 pus
429 1222 556 1249 omne
584 1215 679 1264 post
704 1204 977 1247 consulatum
1005 1205 1241 1263 objecimus
1268 1206 1317 1246 iis
1344 1204 1564 1260 fluetibus,
1589 1205 1685 1264 qui,

328 1302 403 1344 per
432 1301 507 1326 nos
540 1301 562 1325 a
598 1285 817 1325 communi
853 1293 969 1340 peste
1004 1283 1191 1340 depulsi,
1225 1284 1267 1323 in
1303 1285 1588 1342 nosmetipsos
1619 1301 1686 1327 re·

329 1363 594 1406 dundarunt.
632 1361 713 1404 Sed
751 1371 893 1403 tamen
928 1362 969 1402 in
1006 1362 1070 1403 llis
1097 1360 1161 1403 vel
1187 1362 1491 1419 asperitatibus
1519 1380 1684 1418 rerum,

330 1442 393 1485 vel
438 1441 644 1501 angustiis
682 1441 916 1499 temporis,
953 1441 1165 1498 obsequar
1203 1440 1355 1482 studiis
1399 1443 1580 1497 nostris,
1619 1452 1684 1497 et,

330 1531 540 1580 qnantum
572 1521 676 1562 mihi
710 1519 774 1562 vel
804 1520 919 1562 fraus
948 1520 1250 1571 inimicorum,
1278 1519 1344 1563 vel
1368 1537 1503 1563 causae
1529 1523 1687 1565 amico-

329 1617 445 1653 rum,
473 1599 535 1642 vel
561 1598 802 1659 respublica
829 1599 991 1642 tribuet
1019 1599 1118 1652 otii,
1143 1599 1197 1642 ad
1221 1600 1493 1643 scribendum
1518 1601 1687 1660 potissi-

330 1696 447 1722 mum
473 1678 702 1721 conferam.

391 1759 486 1801 Tibi
524 1775 650 1811 vero,
683 1758 833 1813 frater,
870 1775 1009 1817 neque
1047 1759 1239 1801 hortanti
1272 1758 1423 1815 deero,
1447 1776 1586 1819 neque
1620 1767 1689 1803 ro-2

330 1838 459 1899 ganti.
476 1839 587 1881 'Nam
608 1854 745 1897 neque
766 1839 1025 1880 auctoritate
1045 1839 1271 1897 quisquam
1290 1839 1405 1898 apud
1423 1856 1491 1882 me
1507 1839 1602 1900 plus
1622 1857 1691 1884 va-

330 1917 415 1961 lere
445 1927 484 1960 te
513 1927 670 1977 potest,
699 1933 838 1975 neque
864 1916 1099 1960 voluntate.

394 1999 448 2039 ΙΙ.
485 1998 548 2040 Ae
572 1997 677 2039 mihi
707 1996 940 2056 repetenda
962 2007 1027 2040 est
1048 1999 1202 2041 veteris
1224 1998 1448 2058 eujusdam
1476 2000 1689 2042 memoriae

330 2093 415 2119 non
438 2093 537 2119 sane
557 2077 658 2119 satis
677 2076 887 2135 explicata
907 2076 1165 2133 recordatio,
1187 2077 1258 2120 sed
1273 2112 1284 2133 ,
1302 2087 1350 2120 ut
1369 2078 1574 2133 arbitror,
1591 2088 1689 2138 apta

329 2156 382 2199 ad
414 2157 478 2211 id,
505 2156 621 2215 quod
655 2156 857 2214 requiris,
891 2165 938 2198 ut
969 2172 1221 2216 cognoscaS,
1256 2174 1349 2216 quae
1377 2158 1454 2200 viri
1490 2158 1687 2200 omnium

330 2235 691 2295 eloquentissimi,
717 2233 1030 2294 clarissimique
1056 2236 1267 2279 senserint
1294 2236 1346 2279 de
1377 2238 1495 2280 omni
1521 2237 1689 2280 ratione

331 2316 516 2359 dicendi.

394 2396 472 2439 Vis
500 2396 635 2450 enim,
661 2405 709 2438 ut
733 2396 838 2438 mihi
861 2412 970 2455 saepe
992 2396 1156 2450 dixisti3
1179 2397 1384 2456 quoniam
1408 2413 1502 2456 quae
1523 2398 1687 2457 pueriS,

331 2484 405 2518 aut
438 2473 769 2517 adolescentulis
797 2475 922 2517 nobis
953 2492 1002 2518 ex
1035 2474 1400 2519 commentariolis
1432 2477 1588 2519 nostris
1621 2476 1687 2518 in-

331 2556 486 2599 choata
509 2570 559 2598 ac
580 2553 704 2597 rudia
730 2554 1002 2610 exciderunt,
1026 2556 1096 2598 vix
1119 2556 1197 2598 hac
1221 2565 1344 2599 aetate
1369 2555 1517 2615 digna,
1542 2564 1585 2597 et
1605 2555 1688 2598 hoe

333 2651 431 2689 usu,
453 2650 579 2693 quem
603 2650 653 2675 ex
679 2634 832 2689 causis,
861 2650 966 2692 quas
990 2634 1194 2690 diximus,
1221 2645 1282 2678 tot
1301 2635 1513 2692 tantisque
1537 2650 1688 2677 eonse-
