1843 3166
347 142 418 178 256
865 140 928 175 DE
959 139 1193 175 ORATORE

346 228 489 271 omnia
521 227 631 282 sere,
664 243 750 286 qno
775 236 913 269 essent
938 224 1141 278 clariora,
1172 223 1388 266 translatis
1412 240 1486 283 per
1512 223 1710 268 similitu-

346 309 491 352 dinem
518 309 659 352 verbis
683 308 795 351 dicta
823 317 934 350 sunt.

408 392 495 434 Aut
530 406 616 449 quo
642 388 905 449 significetur
942 388 1076 447 magis
1103 403 1169 429 res
1196 396 1307 442 tota,
1334 387 1423 429 sive
1452 385 1551 429 sacti
1575 384 1711 429 alicu-

343 471 436 530 jus,
462 471 552 513 sive
578 469 770 524 consilii,
795 479 841 511 ut
864 467 956 523 illc,
986 469 1058 527 qui
1084 467 1373 511 occultantem
1404 464 1628 522 consulto,
1658 482 1712 509 ne

349 550 410 605 id,
447 550 562 609 qnod
598 560 812 610 ageretur,
854 548 1034 609 intelligi
1075 558 1245 608 posset,
1285 547 1454 591 duobus
1493 544 1711 590 translatis

350 631 489 673 verbis
516 629 800 673 similitudine
830 631 919 689 ipsa
946 629 1125 682 indicat,

398 750 710 797 Quandoquidem
734 750 798 785 iste
819 750 1065 784 circumvestit
1084 748 1210 792 dictis,
1233 749 1328 795 sepit
1345 748 1486 784 sedulo.

348 862 677 920 Nonnunquam
702 860 831 902 etiam
858 858 1045 901 brevitas
1078 856 1360 901 translatione
1392 857 1637 913 conficitur,
1663 868 1714 902 ut

350 940 568 996 illud,«Si
598 940 726 984 telum
766 956 894 983 manu
934 939 1093 999 sugit.»
1124 937 1425 999 Imprudentia
1462 938 1535 981 teli
1569 940 1711 982 emissi

350 1021 519 1064 brevius
541 1022 726 1081 propriis
744 1020 885 1064 verbis
905 1020 1061 1080 exponi
1083 1036 1170 1062 non
1194 1018 1358 1078 potuit,
1385 1035 1515 1078 quam
1537 1028 1602 1061 est
1623 1035 1712 1061 uno

350 1101 587 1162 significata
608 1100 829 1144 translato.

412 1184 554 1242 Atque
591 1182 672 1225 hoc
706 1183 749 1225 in
778 1197 934 1243 genere
965 1196 1154 1241 persaepe
1184 1180 1292 1223 mihi
1320 1178 1627 1222 admirandum
1654 1179 1713 1222 vi-

349 1263 488 1318 detur,
507 1263 612 1323 quid
627 1265 698 1318 sit,
715 1262 831 1323 quod
845 1279 995 1319 omnes
1011 1260 1229 1305 translatis
1250 1270 1293 1304 et
1316 1259 1467 1304 alienis
1482 1262 1618 1322 magis
1634 1261 1710 1304 de-

349 1343 562 1387 lectentur
590 1344 754 1398 verbis,
779 1360 911 1403 quam
935 1343 1122 1403 propriis
1152 1352 1194 1385 et
1217 1342 1318 1385 suis.

410 1426 503 1467 XL.
531 1425 645 1468 Nam
669 1423 702 1466 si
726 1439 791 1466 res
812 1439 936 1466 suum
962 1438 1119 1465 nomen
1140 1432 1182 1464 et
1196 1423 1420 1481 proprium
1449 1421 1708 1465 vocabulum

350 1520 435 1546 non
457 1503 604 1557 habet,
632 1511 678 1545 ut
712 1519 785 1562 pes
821 1503 865 1544 in
889 1503 1010 1557 navi,
1036 1512 1084 1544 ut
1110 1518 1288 1557 nexum,
1313 1502 1429 1562 quod
1454 1519 1531 1562 per
1555 1502 1706 1546 libram

349 1584 505 1644 agitur,
525 1593 573 1626 ut
595 1583 638 1625 in
654 1598 789 1625 uxore
805 1582 1060 1635 divortium,
1080 1583 1308 1625 necessitas
1329 1584 1464 1642 cogit,
1489 1583 1605 1641 quod
1620 1600 1707 1626 non

348 1664 524 1719 habeas,
553 1662 723 1706 aliunde
741 1678 934 1705 sumere:
961 1661 1093 1704 sedin
1119 1678 1297 1705 suorum
1318 1662 1553 1705 verborum
1574 1664 1707 1705 maxi-

348 1761 417 1787 ma
439 1745 583 1803 copia,
619 1753 761 1786 tamen
786 1743 982 1785 homines
1020 1740 1160 1786 aliena
1185 1740 1323 1785 multo
1353 1743 1516 1802 magis,
1545 1742 1579 1785 si
1608 1753 1709 1786 sunt

348 1827 514 1870 ratione
539 1824 768 1881 translata,
795 1822 1026 1868 delectant.

407 1906 456 1949 Id
497 1907 688 1950 accidere
726 1905 876 1959 credo,
922 1903 990 1947 vel
1027 1904 1145 1964 qnod
1180 1904 1341 1964 ingenii
1387 1905 1603 1964 specimen
1644 1915 1708 1948 est

347 1986 586 2046 quoddam,
626 1985 841 2030 transilire
869 1995 968 2028 ante
1009 1985 1138 2045 pedes
1179 1985 1339 2045 posita,
1383 1993 1425 2027 et
1465 1984 1546 2028 alia
1580 1984 1707 2046 longe

345 2067 527 2126 repetita
571 2082 763 2121 sumere;
802 2064 866 2108 vel
902 2064 1019 2124 quod
1046 2066 1104 2120 is,
1142 2067 1216 2125 qui
1243 2064 1384 2120 audit,
1416 2063 1499 2107 alio
1530 2064 1705 2108 ducitur

345 2145 631 2206 cogitatione,
658 2161 799 2204 neque
823 2155 963 2187 tamen
993 2145 1185 2199 aberrat,
1215 2161 1310 2204 quae
1335 2146 1522 2188 maxima
1549 2155 1611 2189 est
1635 2145 1704 2189 de-

346 2224 537 2280 lectati03
562 2223 629 2268 vel
663 2224 780 2284 quod
817 2223 997 2284 singulis
1031 2225 1170 2267 verbis
1209 2241 1274 2268 res
1300 2241 1350 2268 ac
1387 2234 1526 2268 totum
1565 2225 1702 2268 simile

345 2304 592 2360 conficitur3
614 2303 679 2346 vel
695 2304 811 2362 quod
835 2306 975 2347 omnis
990 2303 1233 2360 translatio,
1252 2320 1346 2364 quae
1363 2304 1538 2364 quidem
1562 2313 1703 2348 sumta

344 2383 509 2426 ratione
536 2392 617 2437 est,
647 2382 699 2426 ad
734 2400 878 2427 sensus
901 2385 1015 2443 ipsos
1050 2383 1316 2441 admovetur,
1345 2385 1531 2429 maxime
1551 2384 1700 2428 oculo-

342 2479 439 2507 rum
454 2497 466 2518 ,
491 2463 566 2522 qui
586 2472 649 2506 est
672 2479 820 2506 sensus
843 2464 1091 2507 acerrimus.

404 2544 517 2586 Nam
546 2553 589 2586 et
616 2543 723 2586 odor
750 2544 1006 2587 urbanitatis
1023 2580 1034 2599 ,
1065 2554 1106 2587 et
1135 2544 1363 2589 mollitudo
1390 2545 1698 2602 humanitatis,
