<?xml version="1.0" encoding="UTF-8"?>
<!DOCTYPE html PUBLIC "-//W3C//DTD XHTML 1.0 Transitional//EN"
    "http://www.w3.org/TR/xhtml1/DTD/xhtml1-transitional.dtd">
<html xmlns="http://www.w3.org/1999/xhtml" xml:lang="en" lang="en">
 <head>
  <title>
</title>
<meta http-equiv="Content-Type" content="text/html;charset=utf-8" />
  <meta name='ocr-system' content='tesseract 3.04.00' />
  <meta name='ocr-capabilities' content='ocr_page ocr_carea ocr_par ocr_line ocrx_word'/>
</head>
<body>
  <div class='ocr_page' id='page_1' title='image "./deoratorelibritr00ciceuoft_0202.png"; bbox 0 0 1843 3166; ppageno 0'>
   <div class='ocr_carea' id='block_1_1' title="bbox 258 206 1113 250">
    <p class='ocr_par' dir='ltr' id='par_1_1' title="bbox 258 206 1113 250">
     <span class='ocr_line' id='line_1_1' title="bbox 258 206 1113 250; baseline 0.006 -13"><span class='ocrx_word' id='word_1_1' title='bbox 258 216 327 250; x_wconf 86' lang='lat'>¹90</span> <span class='ocrx_word' id='word_1_2' title='bbox 779 206 845 241; x_wconf 90' lang='lat' dir='ltr'>DE</span> <span class='ocrx_word' id='word_1_3' title='bbox 877 207 1113 242; x_wconf 81' lang='lat' dir='ltr'>ORATORE</span> 
     </span>
    </p>
   </div>
   <div class='ocr_carea' id='block_1_2' title="bbox 250 289 1638 2272">
    <p class='ocr_par' dir='ltr' id='par_1_2' title="bbox 254 289 1635 415">
     <span class='ocr_line' id='line_1_2' title="bbox 254 289 1635 351; baseline 0.004 -22"><span class='ocrx_word' id='word_1_4' title='bbox 254 305 347 348; x_wconf 78' lang='lat' dir='ltr'>quae</span> <span class='ocrx_word' id='word_1_5' title='bbox 373 291 414 331; x_wconf 95' lang='lat' dir='ltr'>in</span> <span class='ocrx_word' id='word_1_6' title='bbox 444 289 595 332; x_wconf 73' lang='lat' dir='ltr'>mediis</span> <span class='ocrx_word' id='word_1_7' title='bbox 626 291 765 333; x_wconf 79' lang='lat' dir='ltr'>causis</span> <span class='ocrx_word' id='word_1_8' title='bbox 793 291 1017 345; x_wconf 74' lang='lat' dir='ltr'>dicuntur,</span> <span class='ocrx_word' id='word_1_9' title='bbox 1042 302 1117 335; x_wconf 81' lang='lat' dir='ltr'>aut</span> <span class='ocrx_word' id='word_1_10' title='bbox 1136 291 1383 351; x_wconf 74' lang='lat' dir='ltr'>arguendo,</span> <span class='ocrx_word' id='word_1_11' title='bbox 1411 301 1486 335; x_wconf 83' lang='lat' dir='ltr'>aut</span> <span class='ocrx_word' id='word_1_12' title='bbox 1511 292 1635 335; x_wconf 70' lang='lat' dir='ltr'>refel-</span> 
     </span>
     <span class='ocr_line' id='line_1_3' title="bbox 255 371 395 415; baseline 0 -1"><span class='ocrx_word' id='word_1_13' title='bbox 255 371 395 415; x_wconf 84' lang='lat' dir='ltr'>leudo.</span> 
     </span>
    </p>

    <p class='ocr_par' dir='ltr' id='par_1_3' title="bbox 256 456 1637 933">
     <span class='ocr_line' id='line_1_4' title="bbox 319 456 1633 518; baseline 0.002 -21"><span class='ocrx_word' id='word_1_14' title='bbox 319 456 509 498; x_wconf 76' lang='lat' dir='ltr'>Maxima</span> <span class='ocrx_word' id='word_1_15' title='bbox 534 466 677 500; x_wconf 86' lang='lat' dir='ltr'>antem</span> <span class='ocrx_word' id='word_1_16' title='bbox 695 458 819 517; x_wconf 86' lang='lat' dir='ltr'>copia</span> <span class='ocrx_word' id='word_1_17' title='bbox 845 459 1164 518; x_wconf 71' lang='lat' dir='ltr'>principiorum</span> <span class='ocrx_word' id='word_1_18' title='bbox 1186 457 1238 501; x_wconf 80' lang='lat' dir='ltr'>ad</span> <span class='ocrx_word' id='word_1_19' title='bbox 1255 457 1445 517; x_wconf 85' lang='lat' dir='ltr'>judicem</span> <span class='ocrx_word' id='word_1_20' title='bbox 1474 467 1550 501; x_wconf 89' lang='lat' dir='ltr'>aut</span> <span class='ocrx_word' id='word_1_21' title='bbox 1574 458 1633 500; x_wconf 82' lang='lat' dir='ltr'>al-</span> 
     </span>
     <span class='ocr_line' id='line_1_5' title="bbox 256 537 1633 600; baseline 0.002 -20"><span class='ocrx_word' id='word_1_22' title='bbox 256 537 511 589; x_wconf 79' lang='lat' dir='ltr'>liciendum,</span> <span class='ocrx_word' id='word_1_23' title='bbox 537 550 610 583; x_wconf 87' lang='lat' dir='ltr'>ant</span> <span class='ocrx_word' id='word_1_24' title='bbox 638 540 906 584; x_wconf 80' lang='lat' dir='ltr'>incitandum</span> <span class='ocrx_word' id='word_1_25' title='bbox 924 576 933 586; x_wconf 82' lang='lat'><strong>.</strong></span> <span class='ocrx_word' id='word_1_26' title='bbox 958 558 1007 583; x_wconf 76' lang='lat' dir='ltr'>ex</span> <span class='ocrx_word' id='word_1_27' title='bbox 1036 542 1085 583; x_wconf 88' lang='lat' dir='ltr'>iis</span> <span class='ocrx_word' id='word_1_28' title='bbox 1112 540 1215 583; x_wconf 83' lang='lat' dir='ltr'>locis</span> <span class='ocrx_word' id='word_1_29' title='bbox 1241 541 1452 595; x_wconf 78' lang='lat' dir='ltr'>trabitur,</span> <span class='ocrx_word' id='word_1_30' title='bbox 1473 542 1548 600; x_wconf 89' lang='lat' dir='ltr'>qui</span> <span class='ocrx_word' id='word_1_31' title='bbox 1579 540 1633 584; x_wconf 86' lang='lat' dir='ltr'>ad</span> 
     </span>
     <span class='ocr_line' id='line_1_6' title="bbox 259 624 1637 684; baseline 0.001 -19"><span class='ocrx_word' id='word_1_32' title='bbox 259 632 400 666; x_wconf 87' lang='lat' dir='ltr'>motus</span> <span class='ocrx_word' id='word_1_33' title='bbox 421 624 669 667; x_wconf 78' lang='lat' dir='ltr'>animorum</span> <span class='ocrx_word' id='word_1_34' title='bbox 691 624 982 667; x_wconf 86' lang='lat' dir='ltr'>conficiendos</span> <span class='ocrx_word' id='word_1_35' title='bbox 1014 625 1189 667; x_wconf 76' lang='lat' dir='ltr'>inerunt</span> <span class='ocrx_word' id='word_1_36' title='bbox 1206 626 1250 666; x_wconf 90' lang='lat' dir='ltr'>in</span> <span class='ocrx_word' id='word_1_37' title='bbox 1272 640 1423 668; x_wconf 84' lang='lat' dir='ltr'>causa:</span> <span class='ocrx_word' id='word_1_38' title='bbox 1446 640 1556 684; x_wconf 86' lang='lat' dir='ltr'>quos</span> <span class='ocrx_word' id='word_1_39' title='bbox 1579 633 1637 666; x_wconf 84' lang='lat' dir='ltr'>ta-</span> 
     </span>
     <span class='ocr_line' id='line_1_7' title="bbox 256 705 1637 767; baseline 0 -18"><span class='ocrx_word' id='word_1_40' title='bbox 256 723 354 749; x_wconf 90' lang='lat' dir='ltr'>men</span> <span class='ocrx_word' id='word_1_41' title='bbox 382 715 496 750; x_wconf 86' lang='lat' dir='ltr'>totos</span> <span class='ocrx_word' id='word_1_42' title='bbox 518 707 561 750; x_wconf 90' lang='lat' dir='ltr'>in</span> <span class='ocrx_word' id='word_1_43' title='bbox 587 708 804 767; x_wconf 80' lang='lat' dir='ltr'>principio</span> <span class='ocrx_word' id='word_1_44' title='bbox 829 706 1033 767; x_wconf 76' lang='lat' dir='ltr'>explicari</span> <span class='ocrx_word' id='word_1_45' title='bbox 1060 723 1147 749; x_wconf 90' lang='lat' dir='ltr'>non</span> <span class='ocrx_word' id='word_1_46' title='bbox 1169 707 1413 766; x_wconf 81' lang='lat' dir='ltr'>oportebit,</span> <span class='ocrx_word' id='word_1_47' title='bbox 1445 705 1519 750; x_wconf 88' lang='lat' dir='ltr'>sed</span> <span class='ocrx_word' id='word_1_48' title='bbox 1547 717 1637 750; x_wconf 87' lang='lat' dir='ltr'>tan-</span> 
     </span>
     <span class='ocr_line' id='line_1_8' title="bbox 259 789 1631 852; baseline 0.001 -20"><span class='ocrx_word' id='word_1_49' title='bbox 259 801 349 833; x_wconf 92' lang='lat' dir='ltr'>tum</span> <span class='ocrx_word' id='word_1_50' title='bbox 372 789 536 851; x_wconf 79' lang='lat' dir='ltr'>impelli</span> <span class='ocrx_word' id='word_1_51' title='bbox 556 792 700 852; x_wconf 80' lang='lat' dir='ltr'>primo</span> <span class='ocrx_word' id='word_1_52' title='bbox 719 792 910 852; x_wconf 81' lang='lat' dir='ltr'>judicem</span> <span class='ocrx_word' id='word_1_53' title='bbox 936 790 1106 845; x_wconf 77' lang='lat' dir='ltr'>leviter,</span> <span class='ocrx_word' id='word_1_54' title='bbox 1137 800 1183 833; x_wconf 87' lang='lat' dir='ltr'>ut</span> <span class='ocrx_word' id='word_1_55' title='bbox 1214 791 1304 849; x_wconf 82' lang='lat' dir='ltr'>jam</span> <span class='ocrx_word' id='word_1_56' title='bbox 1330 790 1538 834; x_wconf 82' lang='lat' dir='ltr'>inclinato</span> <span class='ocrx_word' id='word_1_57' title='bbox 1566 808 1631 834; x_wconf 83' lang='lat' dir='ltr'>re-</span> 
     </span>
     <span class='ocr_line' id='line_1_9' title="bbox 259 872 800 933; baseline 0.007 -18"><span class='ocrx_word' id='word_1_58' title='bbox 259 872 374 933; x_wconf 86' lang='lat' dir='ltr'>liqua</span> <span class='ocrx_word' id='word_1_59' title='bbox 404 875 628 919; x_wconf 81' lang='lat' dir='ltr'>incumbat</span> <span class='ocrx_word' id='word_1_60' title='bbox 649 877 800 919; x_wconf 77' lang='lat' dir='ltr'>oratio.</span> 
     </span>
    </p>

    <p class='ocr_par' dir='ltr' id='par_1_4' title="bbox 253 957 1638 1687">
     <span class='ocr_line' id='line_1_10' title="bbox 323 957 1638 1018; baseline 0.002 -20"><span class='ocrx_word' id='word_1_61' title='bbox 323 957 503 1000; x_wconf 82' lang='lat' dir='ltr'><strong>LXXX.</strong></span> <span class='ocrx_word' id='word_1_62' title='bbox 539 960 797 1001; x_wconf 85' lang='lat' dir='ltr'>Connexum</span> <span class='ocrx_word' id='word_1_63' title='bbox 829 968 976 1001; x_wconf 88' lang='lat' dir='ltr'>autem</span> <span class='ocrx_word' id='word_1_64' title='bbox 1013 959 1068 1001; x_wconf 85' lang='lat' dir='ltr'>ita</span> <span class='ocrx_word' id='word_1_65' title='bbox 1104 960 1159 1002; x_wconf 89' lang='lat' dir='ltr'>sit</span> <span class='ocrx_word' id='word_1_66' title='bbox 1190 958 1454 1018; x_wconf 74' lang='lat' dir='ltr'>principium</span> <span class='ocrx_word' id='word_1_67' title='bbox 1486 973 1638 1000; x_wconf 86' lang='lat' dir='ltr'>conse-</span> 
     </span>
     <span class='ocr_line' id='line_1_11' title="bbox 255 1039 1636 1101; baseline 0.001 -21"><span class='ocrx_word' id='word_1_68' title='bbox 255 1039 406 1097; x_wconf 83' lang='lat' dir='ltr'>quenti</span> <span class='ocrx_word' id='word_1_69' title='bbox 439 1042 652 1094; x_wconf 74' lang='lat' dir='ltr'>orationi,</span> <span class='ocrx_word' id='word_1_70' title='bbox 687 1051 737 1084; x_wconf 90' lang='lat' dir='ltr'>ut</span> <span class='ocrx_word' id='word_1_71' title='bbox 766 1058 852 1084; x_wconf 94' lang='lat' dir='ltr'>non</span> <span class='ocrx_word' id='word_1_72' title='bbox 880 1051 1087 1101; x_wconf 79' lang='lat' dir='ltr'>tanquam</span> <span class='ocrx_word' id='word_1_73' title='bbox 1114 1040 1342 1085; x_wconf 72' lang='lat' dir='ltr'>citharoedi</span> <span class='ocrx_word' id='word_1_74' title='bbox 1373 1041 1636 1100; x_wconf 79' lang='lat' dir='ltr'>prooemium</span> 
     </span>
     <span class='ocr_line' id='line_1_12' title="bbox 255 1121 1637 1185; baseline 0.002 -21"><span class='ocrx_word' id='word_1_75' title='bbox 255 1121 448 1166; x_wconf 79' lang='lat' dir='ltr'>affictum</span> <span class='ocrx_word' id='word_1_76' title='bbox 472 1123 676 1185; x_wconf 85' lang='lat' dir='ltr'>aliquod,</span> <span class='ocrx_word' id='word_1_77' title='bbox 702 1124 776 1168; x_wconf 87' lang='lat' dir='ltr'>sed</span> <span class='ocrx_word' id='word_1_78' title='bbox 798 1125 1019 1169; x_wconf 82' lang='lat' dir='ltr'>cohaerens</span> <span class='ocrx_word' id='word_1_79' title='bbox 1038 1142 1138 1168; x_wconf 79' lang='lat' dir='ltr'>eum</span> <span class='ocrx_word' id='word_1_80' title='bbox 1157 1125 1278 1168; x_wconf 87' lang='lat' dir='ltr'>omni</span> <span class='ocrx_word' id='word_1_81' title='bbox 1296 1140 1481 1185; x_wconf 76' lang='lat' dir='ltr'>corpore</span> <span class='ocrx_word' id='word_1_82' title='bbox 1500 1140 1637 1167; x_wconf 82' lang='lat' dir='ltr'>mem-</span> 
     </span>
     <span class='ocr_line' id='line_1_13' title="bbox 253 1204 1636 1268; baseline 0.002 -20"><span class='ocrx_word' id='word_1_83' title='bbox 253 1204 381 1249; x_wconf 83' lang='lat' dir='ltr'>brum</span> <span class='ocrx_word' id='word_1_84' title='bbox 396 1223 487 1250; x_wconf 88' lang='lat' dir='ltr'>esse</span> <span class='ocrx_word' id='word_1_85' title='bbox 508 1207 751 1251; x_wconf 81' lang='lat' dir='ltr'>videantur.</span> <span class='ocrx_word' id='word_1_86' title='bbox 771 1209 886 1253; x_wconf 90' lang='lat' dir='ltr'>Nam</span> <span class='ocrx_word' id='word_1_87' title='bbox 908 1207 1134 1261; x_wconf 90' lang='lat' dir='ltr'>nonnulli,</span> <span class='ocrx_word' id='word_1_88' title='bbox 1156 1225 1294 1268; x_wconf 88' lang='lat' dir='ltr'>quum</span> <span class='ocrx_word' id='word_1_89' title='bbox 1316 1206 1424 1250; x_wconf 86' lang='lat' dir='ltr'>illud</span> <span class='ocrx_word' id='word_1_90' title='bbox 1442 1206 1636 1251; x_wconf 86' lang='lat' dir='ltr'>meditati</span> 
     </span>
     <span class='ocr_line' id='line_1_14' title="bbox 255 1287 1635 1351; baseline 0.003 -21"><span class='ocrx_word' id='word_1_91' title='bbox 255 1287 504 1345; x_wconf 78' lang='lat' dir='ltr'>ediderunt,</span> <span class='ocrx_word' id='word_1_92' title='bbox 529 1291 588 1334; x_wconf 85' lang='lat' dir='ltr'>sic</span> <span class='ocrx_word' id='word_1_93' title='bbox 615 1291 669 1334; x_wconf 88' lang='lat' dir='ltr'>ad</span> <span class='ocrx_word' id='word_1_94' title='bbox 704 1289 872 1351; x_wconf 80' lang='lat' dir='ltr'>reliqua</span> <span class='ocrx_word' id='word_1_95' title='bbox 901 1301 1158 1347; x_wconf 81' lang='lat' dir='ltr'>transeunt,</span> <span class='ocrx_word' id='word_1_96' title='bbox 1186 1301 1234 1334; x_wconf 86' lang='lat' dir='ltr'>ut</span> <span class='ocrx_word' id='word_1_97' title='bbox 1265 1290 1534 1334; x_wconf 81' lang='lat' dir='ltr'>audientiam</span> <span class='ocrx_word' id='word_1_98' title='bbox 1554 1291 1635 1335; x_wconf 87' lang='lat' dir='ltr'>sibi</span> 
     </span>
     <span class='ocr_line' id='line_1_15' title="bbox 255 1371 1637 1436; baseline 0.004 -22"><span class='ocrx_word' id='word_1_99' title='bbox 255 1372 344 1415; x_wconf 74' lang='lat' dir='ltr'>fieri</span> <span class='ocrx_word' id='word_1_100' title='bbox 374 1371 491 1417; x_wconf 90' lang='lat' dir='ltr'>nolle</span> <span class='ocrx_word' id='word_1_101' title='bbox 506 1373 751 1419; x_wconf 74' lang='lat' dir='ltr'>videantur.</span> <span class='ocrx_word' id='word_1_102' title='bbox 776 1378 921 1435; x_wconf 80' lang='lat' dir='ltr'>Atque</span> <span class='ocrx_word' id='word_1_103' title='bbox 944 1376 1158 1435; x_wconf 86' lang='lat' dir='ltr'>ejusmodi</span> <span class='ocrx_word' id='word_1_104' title='bbox 1185 1374 1258 1418; x_wconf 87' lang='lat' dir='ltr'>illa</span> <span class='ocrx_word' id='word_1_105' title='bbox 1285 1374 1481 1436; x_wconf 81' lang='lat' dir='ltr'>prolusio</span> <span class='ocrx_word' id='word_1_106' title='bbox 1508 1374 1637 1419; x_wconf 90' lang='lat' dir='ltr'>debet</span> 
     </span>
     <span class='ocr_line' id='line_1_16' title="bbox 254 1459 1636 1521; baseline 0.002 -21"><span class='ocrx_word' id='word_1_107' title='bbox 254 1473 364 1511; x_wconf 87' lang='lat' dir='ltr'>esse,</span> <span class='ocrx_word' id='word_1_108' title='bbox 387 1474 475 1501; x_wconf 92' lang='lat' dir='ltr'>non</span> <span class='ocrx_word' id='word_1_109' title='bbox 498 1468 546 1501; x_wconf 88' lang='lat' dir='ltr'>ut</span> <span class='ocrx_word' id='word_1_110' title='bbox 566 1460 837 1512; x_wconf 83' lang='lat' dir='ltr'>Samnitum,</span> <span class='ocrx_word' id='word_1_111' title='bbox 856 1459 930 1519; x_wconf 89' lang='lat' dir='ltr'>qui</span> <span class='ocrx_word' id='word_1_112' title='bbox 947 1460 1121 1502; x_wconf 77' lang='lat' dir='ltr'>vibrant</span> <span class='ocrx_word' id='word_1_113' title='bbox 1138 1460 1282 1503; x_wconf 86' lang='lat' dir='ltr'>hastas</span> <span class='ocrx_word' id='word_1_114' title='bbox 1298 1470 1399 1503; x_wconf 86' lang='lat' dir='ltr'>ante</span> <span class='ocrx_word' id='word_1_115' title='bbox 1418 1476 1636 1521; x_wconf 83' lang='lat' dir='ltr'>pugnam,</span> 
     </span>
     <span class='ocr_line' id='line_1_17' title="bbox 253 1531 1635 1603; baseline 0.004 -20"><span class='ocrx_word' id='word_1_116' title='bbox 253 1542 412 1600; x_wconf 88' lang='lat' dir='ltr'>quibus</span> <span class='ocrx_word' id='word_1_117' title='bbox 432 1543 474 1584; x_wconf 92' lang='lat' dir='ltr'>in</span> <span class='ocrx_word' id='word_1_118' title='bbox 491 1542 729 1603; x_wconf 81' lang='lat' dir='ltr'>pugnando</span> <span class='ocrx_word' id='word_1_119' title='bbox 749 1542 857 1586; x_wconf 91' lang='lat' dir='ltr'>nihil</span> <span class='ocrx_word' id='word_1_120' title='bbox 875 1553 1083 1599; x_wconf 81' lang='lat' dir='ltr'>utuntur3</span> <span class='ocrx_word' id='word_1_121' title='bbox 1107 1543 1180 1588; x_wconf 86' lang='lat' dir='ltr'>sed</span> <span class='ocrx_word' id='word_1_122' title='bbox 1201 1531 1247 1588; x_wconf 79' lang='lat' dir='ltr'>ut</span> <span class='ocrx_word' id='word_1_123' title='bbox 1264 1545 1367 1603; x_wconf 77' lang='lat' dir='ltr'>ipsis</span> <span class='ocrx_word' id='word_1_124' title='bbox 1387 1544 1635 1600; x_wconf 80' lang='lat' dir='ltr'>sententiis,</span> 
     </span>
     <span class='ocr_line' id='line_1_18' title="bbox 253 1624 1246 1687; baseline 0.003 -20"><span class='ocrx_word' id='word_1_125' title='bbox 253 1625 410 1684; x_wconf 85' lang='lat' dir='ltr'>quibus</span> <span class='ocrx_word' id='word_1_126' title='bbox 434 1624 740 1685; x_wconf 76' lang='lat' dir='ltr'>proluserunt,</span> <span class='ocrx_word' id='word_1_127' title='bbox 761 1625 827 1668; x_wconf 83' lang='lat' dir='ltr'>vel</span> <span class='ocrx_word' id='word_1_128' title='bbox 844 1643 1045 1686; x_wconf 76' lang='lat' dir='ltr'>pugnare</span> <span class='ocrx_word' id='word_1_129' title='bbox 1065 1627 1246 1687; x_wconf 84' lang='lat' dir='ltr'>possint.</span> 
     </span>
    </p>

    <p class='ocr_par' dir='ltr' id='par_1_5' title="bbox 250 1709 1636 2272">
     <span class='ocr_line' id='line_1_19' title="bbox 316 1709 1635 1772; baseline 0.004 -21"><span class='ocrx_word' id='word_1_130' title='bbox 316 1709 507 1752; x_wconf 78' lang='lat' dir='ltr'>Narrare</span> <span class='ocrx_word' id='word_1_131' title='bbox 523 1725 624 1752; x_wconf 81' lang='lat' dir='ltr'>vero</span> <span class='ocrx_word' id='word_1_132' title='bbox 641 1726 734 1752; x_wconf 76' lang='lat' dir='ltr'>rem</span> <span class='ocrx_word' id='word_1_133' title='bbox 750 1710 867 1769; x_wconf 74' lang='lat' dir='ltr'>quod</span> <span class='ocrx_word' id='word_1_134' title='bbox 888 1711 1082 1754; x_wconf 78' lang='lat' dir='ltr'>breviter</span> <span class='ocrx_word' id='word_1_135' title='bbox 1096 1711 1275 1771; x_wconf 79' lang='lat' dir='ltr'>jubent3</span> <span class='ocrx_word' id='word_1_136' title='bbox 1298 1713 1331 1755; x_wconf 88' lang='lat' dir='ltr'>si</span> <span class='ocrx_word' id='word_1_137' title='bbox 1350 1712 1538 1756; x_wconf 74' lang='lat' dir='ltr'>brevitas</span> <span class='ocrx_word' id='word_1_138' title='bbox 1557 1729 1635 1772; x_wconf 84' lang='lat' dir='ltr'>ap-</span> 
     </span>
     <span class='ocr_line' id='line_1_20' title="bbox 252 1789 1635 1852; baseline 0.004 -19"><span class='ocrx_word' id='word_1_139' title='bbox 252 1789 454 1849; x_wconf 86' lang='lat' dir='ltr'>pellanda</span> <span class='ocrx_word' id='word_1_140' title='bbox 471 1802 559 1847; x_wconf 90' lang='lat' dir='ltr'>est,</span> <span class='ocrx_word' id='word_1_141' title='bbox 588 1809 722 1852; x_wconf 89' lang='lat' dir='ltr'>quum</span> <span class='ocrx_word' id='word_1_142' title='bbox 742 1793 925 1836; x_wconf 83' lang='lat' dir='ltr'>verbum</span> <span class='ocrx_word' id='word_1_143' title='bbox 949 1792 1121 1836; x_wconf 88' lang='lat' dir='ltr'>nullum</span> <span class='ocrx_word' id='word_1_144' title='bbox 1143 1794 1384 1850; x_wconf 78' lang='lat' dir='ltr'>redundat,</span> <span class='ocrx_word' id='word_1_145' title='bbox 1405 1795 1549 1840; x_wconf 79' lang='lat' dir='ltr'>brevis</span> <span class='ocrx_word' id='word_1_146' title='bbox 1571 1805 1635 1839; x_wconf 79' lang='lat' dir='ltr'>est</span> 
     </span>
     <span class='ocr_line' id='line_1_21' title="bbox 250 1876 1636 1938; baseline 0.004 -21"><span class='ocrx_word' id='word_1_147' title='bbox 250 1876 299 1917; x_wconf 91' lang='lat' dir='ltr'>L.</span> <span class='ocrx_word' id='word_1_148' title='bbox 317 1876 463 1919; x_wconf 81' lang='lat' dir='ltr'>Crass¹</span> <span class='ocrx_word' id='word_1_149' title='bbox 486 1877 652 1933; x_wconf 79' lang='lat' dir='ltr'>orati03</span> <span class='ocrx_word' id='word_1_150' title='bbox 676 1878 742 1920; x_wconf 89' lang='lat' dir='ltr'>sin</span> <span class='ocrx_word' id='word_1_151' title='bbox 762 1887 856 1921; x_wconf 87' lang='lat' dir='ltr'>tum</span> <span class='ocrx_word' id='word_1_152' title='bbox 871 1888 936 1922; x_wconf 88' lang='lat' dir='ltr'>est</span> <span class='ocrx_word' id='word_1_153' title='bbox 952 1878 1142 1922; x_wconf 85' lang='lat' dir='ltr'>brevitas</span> <span class='ocrx_word' id='word_1_154' title='bbox 1155 1913 1166 1932; x_wconf 87' lang='lat'>,</span> <span class='ocrx_word' id='word_1_155' title='bbox 1190 1895 1325 1938; x_wconf 82' lang='lat' dir='ltr'>quum</span> <span class='ocrx_word' id='word_1_156' title='bbox 1350 1888 1522 1923; x_wconf 84' lang='lat' dir='ltr'>tantum</span> <span class='ocrx_word' id='word_1_157' title='bbox 1540 1896 1636 1924; x_wconf 78' lang='lat' dir='ltr'>ver-</span> 
     </span>
     <span class='ocr_line' id='line_1_22' title="bbox 250 1957 1634 2022; baseline 0.004 -22"><span class='ocrx_word' id='word_1_158' title='bbox 250 1957 409 2002; x_wconf 78' lang='lat' dir='ltr'>borum</span> <span class='ocrx_word' id='word_1_159' title='bbox 429 1970 517 2013; x_wconf 88' lang='lat' dir='ltr'>est,</span> <span class='ocrx_word' id='word_1_160' title='bbox 544 1970 759 2020; x_wconf 87' lang='lat' dir='ltr'>quantum</span> <span class='ocrx_word' id='word_1_161' title='bbox 783 1978 957 2005; x_wconf 87' lang='lat' dir='ltr'>necesse</span> <span class='ocrx_word' id='word_1_162' title='bbox 977 1971 1061 2016; x_wconf 86' lang='lat' dir='ltr'>est,</span> <span class='ocrx_word' id='word_1_163' title='bbox 1080 1960 1319 2022; x_wconf 84' lang='lat' dir='ltr'>aliquando</span> <span class='ocrx_word' id='word_1_164' title='bbox 1343 1961 1386 2004; x_wconf 87' lang='lat' dir='ltr'>id</span> <span class='ocrx_word' id='word_1_165' title='bbox 1406 1967 1518 2022; x_wconf 78' lang='lat' dir='ltr'>Opus</span> <span class='ocrx_word' id='word_1_166' title='bbox 1546 1972 1634 2016; x_wconf 88' lang='lat' dir='ltr'>est;</span> 
     </span>
     <span class='ocr_line' id='line_1_23' title="bbox 250 2040 1634 2106; baseline 0.002 -22"><span class='ocrx_word' id='word_1_167' title='bbox 250 2040 321 2084; x_wconf 90' lang='lat' dir='ltr'>sed</span> <span class='ocrx_word' id='word_1_168' title='bbox 346 2058 458 2103; x_wconf 87' lang='lat' dir='ltr'>saepe</span> <span class='ocrx_word' id='word_1_169' title='bbox 477 2043 601 2086; x_wconf 86' lang='lat' dir='ltr'>obest</span> <span class='ocrx_word' id='word_1_170' title='bbox 621 2042 688 2087; x_wconf 88' lang='lat' dir='ltr'>vel</span> <span class='ocrx_word' id='word_1_171' title='bbox 710 2046 899 2087; x_wconf 83' lang='lat' dir='ltr'>maxime</span> <span class='ocrx_word' id='word_1_172' title='bbox 922 2045 966 2087; x_wconf 90' lang='lat' dir='ltr'>in</span> <span class='ocrx_word' id='word_1_173' title='bbox 982 2044 1224 2099; x_wconf 79' lang='lat' dir='ltr'>narrando,</span> <span class='ocrx_word' id='word_1_174' title='bbox 1245 2061 1334 2087; x_wconf 91' lang='lat' dir='ltr'>non</span> <span class='ocrx_word' id='word_1_175' title='bbox 1356 2043 1497 2088; x_wconf 90' lang='lat' dir='ltr'>solum</span> <span class='ocrx_word' id='word_1_176' title='bbox 1515 2044 1634 2106; x_wconf 89' lang='lat' dir='ltr'>quod</span> 
     </span>
     <span class='ocr_line' id='line_1_24' title="bbox 250 2125 1630 2188; baseline 0.003 -20"><span class='ocrx_word' id='word_1_177' title='bbox 250 2125 564 2169; x_wconf 82' lang='lat' dir='ltr'>obscuritatem</span> <span class='ocrx_word' id='word_1_178' title='bbox 584 2125 732 2182; x_wconf 81' lang='lat' dir='ltr'>affert,</span> <span class='ocrx_word' id='word_1_179' title='bbox 755 2126 830 2170; x_wconf 89' lang='lat' dir='ltr'>sed</span> <span class='ocrx_word' id='word_1_180' title='bbox 855 2128 985 2171; x_wconf 87' lang='lat' dir='ltr'>etiam</span> <span class='ocrx_word' id='word_1_181' title='bbox 1001 2128 1121 2188; x_wconf 81' lang='lat' dir='ltr'>quod</span> <span class='ocrx_word' id='word_1_182' title='bbox 1146 2144 1239 2172; x_wconf 83' lang='lat' dir='ltr'>eam</span> <span class='ocrx_word' id='word_1_183' title='bbox 1273 2129 1481 2172; x_wconf 77' lang='lat' dir='ltr'>virtutem</span> <span class='ocrx_word' id='word_1_184' title='bbox 1497 2163 1508 2182; x_wconf 90' lang='lat'>,</span> <span class='ocrx_word' id='word_1_185' title='bbox 1534 2145 1630 2188; x_wconf 84' lang='lat' dir='ltr'>quae</span> 
     </span>
     <span class='ocr_line' id='line_1_25' title="bbox 250 2210 1632 2272; baseline 0.004 -21"><span class='ocrx_word' id='word_1_186' title='bbox 250 2210 514 2253; x_wconf 70' lang='lat' dir='ltr'>nar-rationis</span> <span class='ocrx_word' id='word_1_187' title='bbox 531 2220 595 2253; x_wconf 84' lang='lat' dir='ltr'>est</span> <span class='ocrx_word' id='word_1_188' title='bbox 614 2212 823 2267; x_wconf 76' lang='lat' dir='ltr'>maxima,</span> <span class='ocrx_word' id='word_1_189' title='bbox 847 2222 895 2255; x_wconf 87' lang='lat' dir='ltr'>ut</span> <span class='ocrx_word' id='word_1_190' title='bbox 909 2211 1125 2272; x_wconf 81' lang='lat' dir='ltr'>jucunda,</span> <span class='ocrx_word' id='word_1_191' title='bbox 1145 2222 1187 2255; x_wconf 90' lang='lat' dir='ltr'>et</span> <span class='ocrx_word' id='word_1_192' title='bbox 1206 2211 1261 2255; x_wconf 85' lang='lat' dir='ltr'>ad</span> <span class='ocrx_word' id='word_1_193' title='bbox 1278 2212 1632 2272; x_wconf 83' lang='lat' dir='ltr'>persuadendum</span> 
     </span>
    </p>
   </div>
   <div class='ocr_carea' id='block_1_3' title="bbox 249 2292 1032 2350">
    <p class='ocr_par' dir='ltr' id='par_1_6' title="bbox 249 2292 1032 2350">
     <span class='ocr_line' id='line_1_26' title="bbox 249 2292 1032 2350; baseline 0.003 -14"><span class='ocrx_word' id='word_1_194' title='bbox 249 2293 578 2336; x_wconf 87' lang='lat' dir='ltr'>accommodata</span> <span class='ocrx_word' id='word_1_195' title='bbox 600 2294 675 2349; x_wconf 89' lang='lat' dir='ltr'>sit,</span> <span class='ocrx_word' id='word_1_196' title='bbox 699 2292 826 2337; x_wconf 85' lang='lat' dir='ltr'>tollit.</span> <span class='ocrx_word' id='word_1_197' title='bbox 853 2297 915 2338; x_wconf 86' lang='lat' dir='ltr'>Ut</span> <span class='ocrx_word' id='word_1_198' title='bbox 936 2293 1007 2338; x_wconf 88' lang='lat' dir='ltr'>illa</span> <span class='ocrx_word' id='word_1_199' title='bbox 1022 2330 1032 2350; x_wconf 89' lang='lat'>,</span> 
     </span>
    </p>
   </div>
   <div class='ocr_carea' id='block_1_4' title="bbox 379 2418 1182 2466">
    <p class='ocr_par' dir='ltr' id='par_1_7' title="bbox 379 2418 1182 2466">
     <span class='ocr_line' id='line_1_27' title="bbox 379 2418 1182 2466; baseline 0.004 -15"><span class='ocrx_word' id='word_1_200' title='bbox 379 2419 473 2452; x_wconf 76' lang='lat' dir='ltr'>Nam</span> <span class='ocrx_word' id='word_1_201' title='bbox 492 2418 521 2452; x_wconf 86' lang='lat' dir='ltr'>is</span> <span class='ocrx_word' id='word_1_202' title='bbox 542 2425 742 2465; x_wconf 83' lang='lat' dir='ltr'>postquam</span> <span class='ocrx_word' id='word_1_203' title='bbox 762 2420 919 2454; x_wconf 82' lang='lat' dir='ltr'>excessit</span> <span class='ocrx_word' id='word_1_204' title='bbox 940 2432 984 2454; x_wconf 89' lang='lat' dir='ltr'>ex</span> <span class='ocrx_word' id='word_1_205' title='bbox 1004 2419 1159 2466; x_wconf 85' lang='lat' dir='ltr'>ephebis</span> <span class='ocrx_word' id='word_1_206' title='bbox 1173 2447 1182 2462; x_wconf 95' lang='lat'>,</span> 
     </span>
    </p>
   </div>
   <div class='ocr_carea' id='block_1_5' title="bbox 248 2530 1631 2593">
    <p class='ocr_par' dir='ltr' id='par_1_8' title="bbox 248 2530 1631 2593">
     <span class='ocr_line' id='line_1_28' title="bbox 248 2530 1631 2593; baseline 0.003 -20"><span class='ocrx_word' id='word_1_207' title='bbox 248 2549 379 2591; x_wconf 81' lang='lat' dir='ltr'>qnam</span> <span class='ocrx_word' id='word_1_208' title='bbox 404 2532 536 2591; x_wconf 80' lang='lat' dir='ltr'>longa</span> <span class='ocrx_word' id='word_1_209' title='bbox 561 2540 624 2574; x_wconf 87' lang='lat' dir='ltr'>est</span> <span class='ocrx_word' id='word_1_210' title='bbox 661 2530 883 2576; x_wconf 71' lang='lat' dir='ltr'>narratiol</span> <span class='ocrx_word' id='word_1_211' title='bbox 911 2549 1053 2577; x_wconf 78' lang='lat' dir='ltr'>mores</span> <span class='ocrx_word' id='word_1_212' title='bbox 1084 2532 1370 2577; x_wconf 85' lang='lat' dir='ltr'>adolescentis</span> <span class='ocrx_word' id='word_1_213' title='bbox 1400 2534 1558 2593; x_wconf 85' lang='lat' dir='ltr'>ipsiuS,</span> <span class='ocrx_word' id='word_1_214' title='bbox 1589 2544 1631 2577; x_wconf 89' lang='lat' dir='ltr'>et</span> 
     </span>
    </p>
   </div>
   <div class='ocr_carea' id='block_1_6' title="bbox 248 2615 1630 2676">
    <p class='ocr_par' dir='ltr' id='par_1_9' title="bbox 248 2615 1630 2676">
     <span class='ocr_line' id='line_1_29' title="bbox 248 2615 1630 2676; baseline 0.002 -18"><span class='ocrx_word' id='word_1_215' title='bbox 248 2615 412 2658; x_wconf 67' lang='lat' dir='ltr'>servilis</span> <span class='ocrx_word' id='word_1_216' title='bbox 447 2616 772 2675; x_wconf 81' lang='lat' dir='ltr'>percunctatio,</span> <span class='ocrx_word' id='word_1_217' title='bbox 806 2632 923 2658; x_wconf 74' lang='lat' dir='ltr'>mors</span> <span class='ocrx_word' id='word_1_218' title='bbox 950 2617 1198 2676; x_wconf 63' lang='lat' dir='ltr'>Chrysidis,</span> <span class='ocrx_word' id='word_1_219' title='bbox 1228 2615 1372 2659; x_wconf 79' lang='lat' dir='ltr'>vultus</span> <span class='ocrx_word' id='word_1_220' title='bbox 1401 2627 1441 2659; x_wconf 83' lang='lat' dir='ltr'>et</span> <span class='ocrx_word' id='word_1_221' title='bbox 1468 2617 1630 2668; x_wconf 75' lang='lat' dir='ltr'>forma,</span> 
     </span>
    </p>
   </div>
  </div>
 </body>
</html>
