1843 3166
289 212 355 246 186
804 214 867 248 DE
895 213 1133 248 ORATORE

284 296 446 357 aliquid
466 299 555 342 vitii
572 333 582 352 ‚
614 315 749 358 neque
772 299 879 341 tanti
902 300 955 341 sit
980 297 1108 352 illud,
1135 298 1250 358 quod
1271 297 1472 359 prodesse
1497 296 1637 340 videa-

287 388 371 431 tur,
398 388 443 421 ut
470 395 569 422 rum
593 377 736 437 aliquo
764 377 876 421 malo
899 379 1202 438 conjungatur.

349 460 456 515 Quae
482 469 626 502 antem
652 469 752 502 sunt
780 458 903 502 utilia
927 469 1056 519 alque
1082 460 1227 513 lirina,
1259 460 1293 502 si
1325 476 1374 503 ea
1400 468 1544 502 tamen
1569 459 1640 518 (ut

286 557 393 600 smpe
415 539 483 600 fit)
513 540 636 584 valde
654 540 789 583 multa
812 550 940 583 sunt:
970 556 1036 591 ea,
1064 557 1158 599 quae
1175 556 1226 583 ex
1252 541 1302 583 iis
1327 549 1400 583 aut
1425 538 1641 583 levissima

288 631 406 674 sunt,
441 630 516 663 ant
540 621 632 664 aliis
659 622 930 681 gravioribus
958 620 1223 677 consimilia,
1257 622 1421 664 secerni
1452 621 1641 664 arbitror

286 711 504 760 oportere,
543 711 671 761 alque
699 718 750 744 ex
774 701 970 743 oratione
1004 701 1227 744 removeri.
1262 701 1475 760 Equidem
1506 716 1640 759 quum

285 779 442 840 colligo
456 791 706 841 argumenta
719 797 968 835 causarum,
987 796 1074 823 non
1093 789 1178 823 tam
1194 796 1241 823 ea
1262 797 1488 824 numerare
1505 779 1643 835 soleo,

287 876 415 918 quam
436 860 687 919 expendere.

350 942 569 984 LXXVII.
605 944 660 984 Et
694 943 898 1001 quoniam
937 942 1080 1004 (qnod
1110 957 1218 1001 saepe
1245 941 1333 1000 jam
1365 938 1472 999 dixi)
1507 939 1645 982 tribus

289 1022 415 1063 rebus
450 1037 598 1063 omnes
633 1020 686 1063 ad
722 1031 915 1064 nostram
948 1022 1202 1064 sententiam
1236 1018 1534 1079 perducimus,
1571 1028 1646 1061 aut

287 1100 503 1153 docendo,
530 1110 606 1143 aut
626 1100 922 1155 conciliando,
951 1110 1027 1143 aut
1044 1098 1358 1160 permovendo,
1386 1115 1471 1142 una
1489 1115 1540 1141 ex
1557 1115 1645 1141 om-

289 1180 413 1223 nibus
435 1180 500 1223 liis
527 1180 654 1224 rebus
673 1197 738 1224 res
758 1197 844 1241 prce
863 1181 986 1224 nobis
1006 1190 1069 1223 est
1086 1179 1284 1235 ferenda,
1313 1189 1361 1222 ut
1380 1178 1486 1222 nihil
1506 1178 1645 1235 aliud,

289 1261 368 1303 uisi
394 1259 547 1304 docere
568 1260 678 1304 velle
699 1260 923 1304 videamur
945 1278 953 1303 :
984 1260 1160 1320 reliquae
1185 1259 1299 1316 duae,
1326 1260 1450 1303 sicuti
1473 1260 1646 1320 sanguis

289 1342 331 1382 in
353 1342 625 1400 corporibus,
655 1343 714 1385 sic
739 1341 820 1384 illae
841 1343 885 1384 in
908 1342 1128 1402 perpetuis
1148 1342 1417 1385 orationibus
1441 1341 1544 1384 fusae
1560 1357 1649 1384 esse

289 1421 522 1464 debebunt.
549 1424 663 1466 Nam
689 1431 731 1465 et
759 1423 992 1482 principia,
1020 1432 1061 1465 et
1081 1431 1229 1465 ceterae
1254 1432 1397 1482 partes
1418 1422 1648 1474 orationis,

290 1502 342 1544 de
365 1502 522 1561 quibus
551 1502 697 1562 paullo
720 1512 817 1563 post
841 1519 978 1563 pauca
1001 1502 1215 1558 dicemus,
1242 1502 1401 1545 habere
1426 1502 1538 1544 hanc
1561 1501 1650 1544 vim

291 1598 554 1642 magnopere
585 1582 764 1638 debent,
807 1593 854 1626 ut
888 1583 942 1626 ad
981 1600 1131 1627 eornm
1165 1593 1348 1637 mentes,
1391 1581 1507 1642 apud
1543 1598 1651 1642 quos

290 1672 456 1722 agetur,
492 1662 725 1706 movendas
748 1680 1005 1724 permanare
1027 1663 1207 1723 possint.

354 1742 437 1785 Sed
463 1742 528 1785 his
550 1743 746 1802 partibus
777 1744 1006 1798 orationis,
1036 1760 1130 1804 quae
1161 1744 1239 1787 etsi
1272 1741 1380 1786 nihil
1408 1742 1565 1786 docent
1591 1758 1654 1785 ar-

292 1822 607 1883 gumentando,
635 1823 936 1883 persuadendo
958 1833 1103 1867 tamen
1123 1832 1163 1866 et
1184 1823 1499 1867 commovendo
1522 1823 1656 1883 profi-

291 1905 413 1947 ciunt
435 1902 692 1963 plurimum,
722 1920 973 1964 quanquam
1001 1904 1185 1947 maxime
1214 1904 1415 1963 proprius
1448 1913 1511 1946 est
1536 1901 1654 1946 locus

293 1993 333 2027 et
360 1984 404 2027 in
427 1983 712 2040 exordiendo,
737 1994 779 2027 et
800 1985 844 2026 in
867 1983 1132 2044 perorando3
1156 1983 1330 2044 degredi
1348 1993 1492 2027 tamen
1512 1982 1566 2025 ab
1583 1999 1654 2038 eo,

293 2063 411 2123 quod
436 2066 714 2124 proposueris
743 2074 873 2124 atque
899 2081 1025 2125 agas,
1061 2064 1455 2125 permovendorum
1489 2063 1656 2107 animo-

293 2161 390 2187 rum
414 2160 566 2200 causa,
593 2160 702 2204 saepe
724 2144 828 2187 utile
848 2155 923 2188 est.

357 2227 511 2284 Itaque
528 2223 593 2267 vel
614 2225 862 2268 narratione
881 2226 1095 2286 exposita,
1120 2240 1229 2284 saepe
1248 2224 1375 2268 datur
1392 2223 1447 2267 ad
1468 2238 1658 2267 commo-

295 2305 457 2349 vendos
486 2305 653 2347 animos
676 2304 955 2365 degrediendi
982 2305 1128 2361 locus3
1168 2303 1231 2348 vel
1260 2303 1526 2365 argumentis
1556 2317 1657 2344 nos-

295 2386 373 2429 tris
391 2384 676 2440 confirmatis,
693 2384 756 2428 vel
774 2386 1002 2429 contrariis
1019 2385 1237 2441 refutatis,
1253 2383 1320 2428 vel
1337 2393 1522 2442 utroque
1541 2382 1635 2426 loco
1648 2414 1658 2434 ,

297 2464 364 2508 vel
385 2464 611 2520 omnibus,
652 2466 685 2507 si
710 2465 838 2508 habet
860 2481 954 2508 eam
989 2481 1117 2508 causa
1147 2464 1400 2525 dignitatem
1422 2471 1554 2521 atque
1585 2478 1659 2505 co-

297 2546 436 2606 piam,
465 2554 580 2588 recte
603 2544 646 2586 id
670 2544 761 2588 fieri
787 2555 926 2605 potest
948 2562 957 2588 :
987 2561 1132 2604 eaeque
1157 2561 1293 2588 causae
1316 2552 1417 2587 sunt
1444 2541 1498 2585 ad
1527 2556 1658 2602 agen-

299 2627 404 2669 dum
429 2635 471 2669 et
489 2625 543 2669 ad
561 2625 808 2669 ornandum
826 2626 1089 2685 gravissimae
1109 2635 1238 2684 atque
1257 2623 1532 2685 plenissimae,
1564 2635 1658 2679 quae
