1843 3166
645 204 1031 239 ADNOTATIONES.
1438 205 1483 241 30
1492 217 1503 238 1

185 273 227 307 eii
256 272 430 322 <quorum
460 273 592 307 familia
622 273 721 308 istius
743 274 857 321 gentis
880 274 1034 309 maxima
1052 280 1138 307 natu
1165 273 1258 322 fuit),
1282 274 1347 309 sibi
1366 274 1510 310 heredi-

186 341 293 368 tatem
326 334 555 368 vindicarunt
591 333 674 378 jure
705 334 928 380 gentilitatis,
960 334 1041 380 quia
1072 333 1222 368 libertus
1257 334 1321 369 iste
1358 348 1376 369 e
1405 342 1510 382 gente

183 395 332 428 Claudia
352 401 441 429 esset
454 421 463 437 ‚
488 394 724 439 ipsorumque
750 393 883 428 familia
903 401 993 428 esset
1018 393 1152 440 prima3
1172 401 1228 436 et,
1250 394 1412 440 quamvis
1432 407 1507 429 ser-

183 454 332 488 vitutem
353 453 544 496 serviisset,
563 459 681 487 tamen
700 453 843 487 Claudii
863 453 1006 500 patricii
1025 452 1293 487 contendebant
1312 465 1388 487 eam
1408 454 1509 499 inju-

182 521 272 548 stam
303 514 430 557 suisse,
458 513 616 558 ideoque
648 525 684 547 se
712 512 793 557 jure
832 513 1039 560 gentilitatis
1071 511 1207 558 privari
1236 524 1309 545 non
1339 513 1508 557 potuisse.

182 574 324 608 Claudii
344 585 431 607 vero
457 573 610 619 plebeii,
641 572 775 607 scilicet
798 574 978 616 Marcelli,
1004 573 1166 607 eamdem
1190 571 1257 605 sibi
1283 571 1510 605 vindicarunt

181 634 434 676 hereditatem,
453 632 538 679 quia
552 633 702 667 libertus
722 632 788 667 iste
807 633 918 679 stirpe
928 633 1082 679 propior
1093 633 1283 666 Marcellis
1305 631 1388 675 suit,
1403 644 1509 678 quam

182 694 349 727 Pulchris
358 707 370 736 ,-
397 700 451 737 et,
471 693 556 740 quia
575 693 641 727 ista
660 693 832 727 servitute
852 693 982 741 (quam
995 692 1171 727 serviisset
1183 719 1191 735 ,
1203 697 1237 725 et
1251 702 1359 737 quam
1379 691 1510 736 justam

180 753 288 788 fuisse
312 754 336 787 ii
366 752 649 801 contendebant)
671 753 729 798 jus
750 753 956 800 gentilitatis
978 753 1137 787 Claudiis
1160 751 1319 797 patriciis
1346 751 1510 785 amissum

179 812 288 848 fuisse
313 813 517 848 videbatur.
555 815 610 848 De
643 812 905 859 significatione
934 812 1034 846 vocis
1062 813 1208 859 gentilis
1237 811 1318 845 vide
1348 811 1511 846 Cmmzo-

181 885 260 908 ΝΕΜ
272 873 308 907 in
327 875 488 920 Topicis,
507 887 536 908 c.
557 887 594 908 vx
610 887 618 908 τ
639 873 826 908 «Gentiles
851 880 953 916 sunt,
967 873 1030 918 qui
1055 872 1149 906 inter
1168 883 1203 905 se
1217 872 1345 905 eodem
1366 872 1512 907 nomine

181 940 275 968 sunt.
297 935 379 968 Non
408 944 460 969 est
478 936 578 968 satis.
599 934 671 977 Qui
691 935 736 968 ab
756 933 921 981 ingenuis
940 932 1086 967 oriundi
1111 939 1202 966 sunt.
1231 933 1286 966 Ne
1309 933 1350 965 id
1369 933 1511 979 quidem

179 995 269 1028 satis
303 1003 365 1029 est.
402 997 569 1040 Quorum
603 995 786 1039 majorum
817 1006 924 1028 nemo
961 993 1166 1027 servitutem
1211 992 1365 1026 servivit.
1401 993 1512 1026 Abest

183 1055 294 1089 etiam
328 1068 431 1090 nune.
459 1056 530 1100 Qui
556 1056 672 1102 capite
695 1067 768 1089 non
796 1062 880 1089 sunt
905 1053 1084 1088 diminuti.
1127 1054 1203 1087 Hoc
1231 1053 1398 1098 sortasse
1423 1053 1511 1086 satis

178 1122 239 1149 est.
252 1130 266 1146 »
285 1117 347 1150 PE.

232 1177 305 1221 Qui
327 1178 479 1211 Romam
507 1178 542 1211 in
564 1178 730 1212 exsilium
754 1176 920 1211 venisset.
942 1175 1099 1220 Quidam
1118 1175 1332 1223 peregrinus
1358 1176 1511 1209 Romam

177 1237 294 1281 venit,
314 1237 350 1271 in
370 1237 534 1272 exsilium
553 1238 687 1284 ejectus
718 1250 762 1271 ex
789 1237 879 1272 urbe
904 1253 966 1275 sua
989 1247 1023 1274 et
1048 1241 1175 1287 patria.
1203 1235 1389 1284 Applicuit
1417 1244 1511 1275 sese,

178 1297 214 1331 id
234 1305 303 1341 est,
318 1298 485 1343 adjunxit
496 1299 541 1333 ad
554 1312 745 1334 romanum
757 1300 887 1343 civem,
909 1314 1015 1347 quem
1035 1302 1189 1343 coleret,
1210 1299 1511 1339 observaretque,

176 1364 216 1391 ut
235 1357 344 1392 cliens
370 1365 590 1404 patronum,
614 1367 649 1393 et
671 1372 691 1394 a
713 1372 789 1407 quo
803 1361 957 1395 vicissim
975 1361 1250 1396 defendebatur.
1275 1354 1450 1401 Contigit,
1473 1359 1512 1386 ut

177 1418 234 1452 ille
247 1418 462 1465 peregrinus
478 1426 692 1454 testamento
714 1422 816 1455 nullo
836 1421 932 1456 facto
955 1428 1170 1455 moreretur.
1193 1418 1288 1453 Civis
1308 1422 1511 1450 autemro-

176 1491 322 1523 manus,
342 1480 400 1514 cui
418 1480 629 1526 peregrinus
651 1480 710 1513 ille
734 1488 904 1527 tanquam
923 1488 1081 1527 patrono
1101 1480 1268 1515 addictus
1281 1477 1415 1517 fuerat,
1435 1472 1510 1517 ejus

175 1539 413 1574 hereditatem
430 1540 627 1586 postulavit
647 1541 745 1585 apud
767 1541 1025 1585 centumviros,
1043 1553 1084 1574 ea
1103 1541 1146 1574 de
1173 1550 1278 1573 causa
1291 1564 1300 1580 ‚
1320 1532 1423 1581 quod
1447 1532 1511 1566 iste

174 1600 388 1647 peregrinus
401 1601 447 1634 ad
466 1600 586 1645 ipsum
597 1600 826 1645 applicuisset
847 1612 940 1643 sese,
961 1607 995 1633 et
1013 1599 1126 1634 veluti
1144 1598 1214 1644 ipsi
1227 1595 1394 1631 dedisset.
1413 1593 1510 1635 Hoc,

174 1661 434 1705 applicationis
442 1659 507 1702 jus
520 1660 678 1704 appellat
698 1659 836 1693 Cicero.
858 1661 912 1693 De
922 1660 992 1693 isto
1003 1659 1101 1704 jure,
1122 1665 1225 1692 antea
1237 1657 1415 1696 obscuro,
1427 1650 1510 1698 quia

175 1732 264 1753 rarae
278 1726 360 1754 sunt
373 1718 583 1764 hujusmodi
602 1731 732 1763 causae,
751 1720 944 1754 dicendum
958 1719 1140 1754 causidico
1151 1719 1235 1762 fuit,
1249 1717 1415 1761 adeoque
1426 1713 1510 1746 illu-

175 1779 366 1813 strandum
389 1785 423 1813 et
444 1779 749 1825 patefaciendum.
770 1781 900 1814 PncsT.
920 1779 1014 1814 Vide
1032 1781 1222 1823 Timum„
1241 1777 1386 1810 Advers.
1400 1783 1509 1813 xxw,

175 1851 254 1886 cap.
275 1840 333 1874 32.

230 1900 347 1944 Quum
381 1901 474 1934 enim
503 1901 644 1934 illarius
671 1901 915 1935 Gratidianus.
951 1903 1042 1936 Rem
1073 1911 1217 1935 omnem
1249 1896 1360 1944 paulo
1397 1894 1509 1928 fusius

175 1960 331 2006 explicat
351 1961 498 2005 Cicero,
516 1962 562 1995 de
584 1961 743 2007 Officiis,
766 1974 833 2005 111,
867 1961 920 1995 16.

230 2023 272 2055 In
291 2022 472 2067 'nancipio
496 2023 642 2055 lumina,
668 2022 710 2055 In
729 2021 929 2067 mancipio,
948 2021 986 2055 id
1005 2028 1074 2065 est,
1086 2021 1125 2054 in
1142 2018 1353 2054 venditione
1367 2014 1507 2056 aedium·

178 2081 436 2116 Controversia
457 2081 517 2116 illa
537 2081 750 2127 hujusmodi
775 2081 844 2115 fuit
871 2094 878 2115 ε
899 2081 1132 2125 Bucculeius,
1155 2091 1269 2126 quum
1290 2074 1509 2111 vendidisset

177 2141 270 2175 aedcs
288 2153 368 2175 suas
387 2141 516 2186 Fusio,
535 2142 608 2176 haec
631 2142 743 2175 verba
761 2139 799 2174 in
816 2141 984 2187 pactione
1007 2140 1115 2175 scribi
1132 2139 1268 2181 voluit,
1291 2137 1428 2171 lumina
1439 2159 1450 2175 ‚
1470 2132 1508 2165 id

178 2208 248 2245 est,
268 2200 455 2245 fenestras,
475 2202 526 2236 uti
542 2214 635 2235 nunc
653 2209 758 2244 sunt,
779 2202 831 2235 ita
851 2203 986 2248 recipio
996 2215 1009 2244 ;
1030 2201 1163 2248 quibus
1182 2198 1303 2233 verbis
1321 2196 1360 2231 id
1394 2206 1506 2228 unum

177 2261 215 2294 in
244 2274 280 2295 se
302 2261 477 2307 suscepit,
505 2269 547 2296 ut
572 2274 617 2296 ne
642 2262 722 2308 quis
743 2261 882 2296 vicinus
915 2273 1035 2296 earum
1065 2262 1300 2295 fenestrarum
1330 2267 1435 2290 usum
1452 2253 1507 2287 vel

178 2322 340 2364 tolleret,
359 2322 416 2355 vel
436 2320 592 2357 aedificiis
611 2322 800 2356 altioribus
820 2321 1039 2356 obscuraret.
1062 2323 1105 2356 In
1123 2321 1194 2354 hoc
1214 2315 1425 2354 Bucculeius
1445 2325 1507 2347 er—

176 2382 290 2425 ravit,
318 2381 421 2429 quod
450 2382 569 2416 verbis
589 2383 766 2430 ambiguis
787 2394 872 2416 usus
892 2389 989 2416 esset.
1017 2383 1107 2416 Nam
1126 2380 1254 2416 Fusius
1275 2378 1308 2412 ei
1330 2376 1429 2411 litem
1446 2373 1506 2408 in-

176 2441 313 2485 tendit,
345 2441 449 2475 simul
477 2448 588 2488 atque
618 2442 788 2478 aedificari
815 2449 972 2488 coeptiun
999 2449 1051 2477 est
1076 2442 1113 2475 in
1142 2439 1299 2488 quadam
1320 2433 1508 2471 remotiori

179 2501 280 2535 urbis
308 2509 430 2548 parte,
462 2513 541 2547 quae
570 2515 614 2536 ex
638 2503 796 2547 aedibus,
817 2515 907 2549 quas
925 2509 1057 2537 emerat
1070 2529 1079 2547 ,
1097 2499 1254 2546 conspici
1274 2502 1406 2544 posset.
1425 2493 1507 2540 Egit

180 2560 291 2608 igitur
309 2574 391 2596 cum
409 2562 616 2607 Bucculeiu,
639 2562 722 2609 quia
741 2562 815 2608 jam
833 2574 877 2597 ex
899 2562 967 2597 illis
987 2561 1124 2597 aedibus
1141 2573 1215 2596 non
1226 2559 1322 2593 idem
1339 2561 1416 2591 erat
1427 2552 1506 2589 coeli
