1843 3166
706 229 851 263 LIBER
881 230 945 262 111.
1430 228 1503 263 215

209 312 320 353 Ecce
344 321 572 371 praesentes
593 312 679 355 duo
701 329 836 372 prope
855 311 1038 371 oequales
1057 310 1269 370 Sulpicius
1288 322 1328 354 et
1347 313 1476 355 Cotta
1494 328 1504 353 ε

145 389 249 448 quid
270 399 356 433 tam
374 391 485 434 inter
508 406 551 433 sc
568 390 804 433 dissimile?
834 390 938 450 quid
962 401 1049 434 tam
1071 391 1113 432 in
1134 406 1210 432 suo
1231 406 1386 449 genere
1403 406 1506 450 prae-

144 469 292 512 stans?
322 470 517 513 Limatus
540 469 648 513 alter
669 479 712 512 et
736 469 931 525 subtilis,
965 486 1054 512 rem
1077 467 1294 529 explicans
1317 471 1506 529 propriis

144 548 340 607 aptisque
367 548 533 604 verbis,
557 548 691 592 haeret
713 549 756 591 in
782 565 912 592 causa
934 564 1127 609 semper,
1155 557 1220 603 et,
1248 547 1352 607 quid
1370 547 1507 606 judici

143 627 416 687 probandum
443 628 522 684 sit,
553 645 687 688 quum
717 629 961 672 acutissime
986 628 1119 684 vidit,
1156 628 1324 671 omissis
1356 626 1507 670 ceteris

142 709 430 768 argumentis,
458 710 501 752 in
525 726 576 752 eo
603 719 790 753 mentem
820 710 1147 769 orationemque
1171 708 1336 769 defigit.
1364 706 1508 767 Sulpi-

142 789 232 831 cius
253 797 398 832 autem
424 788 660 833 fortissimo
680 789 870 850 quodam
894 789 1026 832 animi
1050 790 1234 849 impetu,
1260 787 1508 848 plenissima

142 878 183 911 et
208 868 393 912 maxima
419 885 545 924 voce,
574 886 741 913 summa
765 870 1043 913 contentione
1068 870 1282 930 corporiS,
1308 877 1350 911 et
1370 867 1506 928 digni-

142 957 228 991 tate
248 959 412 1005 motus,
444 950 677 994 verborum
701 966 875 1010 quoque
900 967 948 993 ea
971 951 1183 1012 gravitate
1207 958 1248 994 et
1274 948 1399 1010 eopia
1422 960 1508 1004 est,

142 1038 189 1071 ut
216 1045 327 1073 unus
356 1030 411 1073 ad
441 1030 671 1075 dicendum
698 1030 1055 1075 instructissimus
1091 1048 1113 1074 a
1148 1041 1302 1075 natura
1327 1047 1416 1074 esse
1446 1031 1505 1073 vi-

143 1109 308 1154 deatur.

204 1193 280 1234 IX.
318 1192 384 1236 Ad
410 1204 581 1237 nosmet
604 1195 720 1254 ipsos
742 1196 830 1255 jam
853 1204 1072 1250 revertor;
1100 1194 1307 1252 quoniam
1336 1193 1395 1235 sic
1424 1192 1507 1234 fui-

141 1288 236 1315 mus
259 1289 428 1333 semper
451 1275 715 1334 comparati,
753 1284 801 1317 ut
830 1275 1057 1317 hominum
1087 1272 1357 1316 sermonibus
1385 1272 1506 1331 quasi

142 1353 184 1395 in
213 1351 391 1413 aliquod
417 1356 710 1398 contentionis
730 1355 945 1414 judicium
971 1370 1228 1397 vocaremur
1249 1370 1257 1395 ε
1285 1351 1390 1412 quid
1417 1361 1505 1394 tam

141 1432 373 1489 dissimile,
402 1451 533 1493 quam
556 1451 637 1494 ego
662 1435 705 1477 in
729 1433 917 1478 dicendo
939 1443 981 1476 et
1004 1431 1250 1477 Antonius?
1279 1448 1414 1491 quum
1438 1430 1507 1474 ille

140 1515 173 1556 is
203 1515 257 1557 sit
285 1524 448 1570 orator,
491 1525 538 1558 ut
567 1514 674 1558 nihil
712 1532 762 1559 eo
802 1515 938 1575 possit
972 1530 1062 1557 esse
1091 1513 1390 1573 praestantius3
1429 1527 1509 1572 ego

139 1604 303 1650 autem,
324 1611 575 1655 quanquam
594 1604 751 1638 memet
770 1595 852 1637 mei
870 1594 1076 1653 poenitet,
1104 1609 1201 1636 cum
1224 1592 1305 1635 hoc
1323 1592 1510 1633 maxime

140 1686 285 1719 tamen
308 1676 348 1718 in
369 1676 697 1735 comparatione
714 1674 972 1734 conjungar.
1002 1672 1251 1727 Videtisne,
1272 1686 1406 1731 genus
1426 1670 1508 1712 hoc

140 1755 255 1815 quod
277 1756 331 1798 sit
348 1754 561 1799 Antonii?
585 1754 722 1807 forte,
750 1753 1001 1808 vehemens,
1027 1760 1295 1796 commotum
1319 1751 1361 1792 in
1383 1765 1508 1810 agen-

140 1835 214 1891 do,
246 1836 554 1895 praemunitum
580 1844 622 1878 et
645 1851 692 1878 ex
717 1834 833 1877 omni
858 1843 980 1893 parte
1005 1848 1143 1876 causae
1167 1840 1359 1891 septum,
1387 1846 1509 1884 acre,

141 1926 338 1971 acutum,
387 1915 662 1960 enucleatum
679 1951 690 1970 ,
738 1916 781 1958 in
824 1930 1083 1973 unaquaque
1121 1929 1167 1956 re
1209 1926 1481 1955 commorans
1499 1944 1509 1962 ,

144 1999 322 2041 honeste
348 1997 505 2041 cedens
522 2031 533 2051 ,
561 1997 716 2040 aeriter
746 1996 996 2054 insequens,
1022 2003 1209 2049 terrens,
1241 1990 1509 2052 supplicans,

145 2095 312 2122 summa
337 2079 547 2122 orationis
578 2078 803 2132 varietate,
836 2075 955 2119 nulla
981 2084 1226 2117 nostrarum
1253 2072 1424 2116 aurium
1449 2086 1511 2114 sa-

144 2162 301 2204 tietate.

206 2242 298 2284 Nos
322 2250 489 2294 autem,
517 2242 778 2300 quicumque
806 2241 849 2281 in
886 2238 1070 2282 dicendo
1094 2252 1265 2289 sumus,
1304 2231 1509 2291 quoniam

144 2337 233 2364 esse
263 2320 411 2380 aliquo
446 2321 490 2363 in
520 2337 703 2364 numero
727 2319 848 2363 vobis
881 2318 1092 2372 videmur,
1132 2324 1249 2359 certe
1286 2323 1429 2355 tamen
1456 2311 1509 2352 ab

143 2402 272 2461 hujus
293 2401 481 2444 multum
501 2418 657 2461 genere
678 2400 914 2455 distamus3
942 2397 1058 2458 quod
1083 2394 1210 2456 quale
1235 2393 1309 2447 sit,
1332 2407 1419 2434 non
1446 2399 1511 2432 est

145 2499 287 2525 meum
307 2482 469 2537 dicere,
490 2491 721 2542 propterea
742 2479 861 2540 quod
882 2479 1060 2522 minime
1081 2476 1161 2519 sibi
1179 2474 1360 2534 quisque
1378 2478 1508 2512 notus

145 2572 229 2618 est,
260 2572 303 2606 et
326 2561 578 2606 difficillime
603 2561 655 2604 de
682 2578 725 2605 se
755 2561 938 2620 quisque
962 2557 1120 2602 sentit:
1155 2553 1229 2599 sed
1254 2562 1395 2595 tamen
1426 2548 1509 2591 dis-

148 2641 382 2687 similitudo
405 2641 585 2703 intelligi
607 2651 768 2703 potest,
791 2650 832 2684 et
852 2656 902 2683 ex
924 2647 1067 2682 motus
1089 2637 1170 2679 mei
1194 2629 1507 2683 mediocritate,
