1843 3166
705 201 853 237 LIBER
881 203 948 237 111.
1438 218 1458 240 2
1468 219 1479 240 1
1494 219 1506 240 1

215 307 276 313 —
292 283 404 325 Tum
430 284 633 338 Crassus,
660 285 726 327 An
747 300 815 327 me
835 292 923 327 tam
947 284 1242 345 impudentem
1263 303 1352 331 csse
1373 290 1510 333 existi-

140 361 298 416 matis,
339 372 389 406 ut
424 362 545 406 vobis
581 362 664 406 hoc
697 364 937 423 praesertim
971 381 1129 408 munus
1167 375 1316 425 putem
1347 367 1508 412 diutius

148 456 272 502 posse
298 442 482 487 debere?
500 469 560 476 --
578 444 772 500 Quinam
796 445 946 505 igitur,
987 445 1129 505 inquit
1156 444 1244 501 ille,
1279 446 1426 490 locus?
1453 466 1506 491 an

148 523 192 565 in
214 522 354 567 media
377 522 483 566 silva
505 521 677 583 placet?
700 526 778 568 Est
802 525 918 567 enim
941 526 974 568 is
997 526 1182 569 maxime
1203 535 1244 569 et
1267 542 1447 586 opacus,
1469 537 1510 570 et

147 601 342 663 frigidus.
359 604 571 660 ——Sane,
597 604 740 665 inquit
762 606 942 649 Crassus
965 622 973 648 :
1001 606 1160 649 etenim
1184 616 1248 649 est
1270 606 1313 649 in
1341 623 1391 650 co
1415 605 1510 651 loco

147 682 264 728 sedes
303 683 406 728 huic
448 693 598 728 nostro
638 701 725 729 non
766 686 1063 747 inopportuna
1110 688 1312 731 sermoni.
1361 689 1510 745 Quum

145 764 378 826 placuisset
404 767 518 812 idem
545 769 724 825 ceteris,
749 769 791 812 in
819 765 970 814 silvam
995 768 1182 825 venitur,
1211 778 1254 811 et
1274 768 1331 811 ibi
1354 785 1511 831 magna

144 863 245 891 cum
267 847 471 892 audiendi
492 850 813 910 exspectatione
835 847 1087 892 considitur.

206 956 270 962 —
288 930 402 973 Tum
442 931 647 987 Crassus,
692 931 844 988 Quum
886 929 1121 973 auctoritas
1150 939 1280 990 atque
1320 930 1510 974 amicitia

143 1018 309 1066 vestra,
349 1019 444 1054 tum
473 1011 651 1054 Antonii
682 1010 866 1055 facilitas
896 1012 1085 1072 eripuit,
1122 1011 1288 1069 inquit,
1326 1010 1433 1052 mihi
1465 1010 1507 1052 in

143 1090 309 1150 optima
338 1107 433 1135 mea
465 1107 593 1135 causa
627 1090 872 1135 libertatem
902 1091 1158 1136 recusandi:
1188 1109 1438 1153 quanquam
1467 1088 1510 1132 in

143 1169 372 1231 partienda
405 1171 699 1233 disputatione
728 1182 902 1229 nostra,
942 1189 1077 1233 quum
1110 1173 1190 1216 sibi
1219 1172 1272 1216 de
1301 1173 1375 1229 iis,
1416 1189 1510 1232 quae

143 1250 227 1294 dici
253 1251 306 1295 ab
337 1261 510 1296 oratore
538 1263 785 1314 oporteret,
819 1262 1031 1308 sumeret,
1069 1252 1174 1295 mihi
1203 1262 1348 1296 autem
1379 1251 1511 1296 relin-

143 1341 318 1391 queret,
347 1342 394 1376 ut
416 1332 701 1392 explicarem,
727 1332 1095 1392 quemadmodum
1118 1331 1192 1375 illa
1214 1331 1361 1375 ornari
1384 1348 1512 1393 opor-

144 1420 276 1468 teret3
306 1428 357 1456 ea
388 1411 555 1469 divisit,
583 1429 677 1472 quae
711 1412 906 1472 sejuncta
934 1428 1025 1456 csse
1056 1428 1144 1455 non
1173 1421 1368 1472 possunt.
1398 1413 1512 1456 Nam

142 1508 280 1552 quum
309 1493 450 1537 omnis
478 1509 529 1536 ex
560 1509 606 1536 re
637 1502 767 1553 atque
790 1493 940 1554 'verbis
967 1502 1135 1536 constet
1165 1493 1333 1549 orati03
1374 1509 1513 1553 neque

142 1573 276 1616 verba
302 1573 446 1617 sedem
471 1574 631 1618 habere
655 1583 866 1634 possunt,
892 1574 927 1617 si
949 1589 1039 1616 rem
1064 1573 1350 1629 subtraxeris,
1372 1589 1513 1633 neque

142 1669 211 1697 res
235 1652 381 1697 lumen
396 1688 407 1710 ,
434 1654 469 1697 si
491 1654 624 1697 verba
645 1654 894 1697 semoveris.

209 1736 275 1778 Ac
300 1734 408 1777 mihi
435 1733 611 1794 quidem
636 1743 799 1778 veteres
829 1733 917 1791 illi,
955 1735 1094 1795 majus
1125 1733 1332 1794 quiddam
1367 1733 1512 1777 animo

142 1813 359 1875 complexi
376 1849 388 1871 ,
407 1813 546 1858 multo
561 1813 658 1875 plus
672 1814 801 1858 etiam
821 1813 977 1858 vidisse
992 1814 1210 1870 videntur,
1230 1830 1359 1873 quam
1374 1829 1512 1873 quan-

143 1905 239 1939 tum
274 1905 526 1939 nostrorum
565 1896 843 1956 ingeniorum
881 1896 995 1938 acies
1033 1894 1191 1938 intueri
1230 1903 1399 1953 potest,
1438 1894 1513 1953 qui

144 1976 292 2020 omnia
317 1977 426 2033 haec,
453 1992 549 2037 quae
575 1992 707 2036 supra
731 1984 773 2018 et
797 1975 960 2031 subter,
995 1991 1130 2017 unum
1155 1989 1266 2027 esse,
1297 1982 1339 2016 et
1364 1989 1450 2016 una
1470 1973 1512 2016 vi

147 2067 278 2117 atque
305 2073 389 2101 una
419 2057 704 2102 consensione
728 2065 896 2099 naturae
919 2056 1154 2098 constricta
1181 2070 1270 2097 esse
1295 2053 1511 2096 dixerunt.

146 2136 330 2182 Nullum
359 2147 423 2182 est
447 2139 564 2181 enim
588 2153 724 2199 genus
748 2152 920 2192 rerum,
946 2134 1063 2195 quod
1086 2143 1161 2177 aut
1183 2132 1379 2177 avulsum
1404 2149 1427 2176 a
1448 2149 1515 2175 ce-

147 2219 252 2262 teris
275 2234 351 2278 per
375 2234 419 2261 se
441 2219 584 2278 ipsum
608 2227 832 2272 constare,
857 2225 951 2273 aut,
978 2232 1065 2275 quo
1093 2224 1234 2258 cetera
1263 2214 1297 2257 si
1322 2222 1513 2268 careant,

147 2299 235 2342 vim
266 2315 389 2342 suam
413 2307 543 2358 atque
569 2299 857 2341 aeternitatem
881 2310 1137 2339 conservare
1161 2294 1339 2354 possint.

209 2380 287 2423 VI.
326 2377 411 2422 Sed
443 2378 478 2421 si
508 2378 600 2421 haec
635 2378 774 2437 major
804 2392 895 2419 esse
930 2375 1041 2418 ratio
1072 2374 1260 2428 videtur,
1304 2387 1434 2432 quam
1467 2380 1513 2414 ut

147 2459 377 2502 hominum
401 2459 536 2518 possit
560 2474 688 2501 sensu
712 2466 786 2500 aut
809 2455 1073 2516 cogitatione
1095 2451 1428 2513 comprehendi,
1453 2460 1516 2493 est

149 2538 281 2581 etiam
302 2537 377 2581 illa
395 2536 590 2581 Platonis
609 2552 735 2592 vera,
761 2545 803 2578 et
823 2535 902 2577 tibi
915 2569 926 2588 ,
950 2532 1126 2588 Catule,
1154 2542 1269 2576 certe
1287 2547 1374 2574 non
1393 2531 1517 2572 inau-

150 2618 240 2661 dita
262 2635 366 2670 vox,
395 2633 569 2661 omnem
595 2616 840 2659 doctrinam
868 2615 1026 2657 harum
1050 2614 1336 2674 ingenuarum
1363 2620 1403 2652 et
1434 2609 1517 2652 hu-

1258 2693 1323 2742 14.
