1843 3166
786 233 930 268 LIBER
963 236 1009 269 u.
1512 258 1578 287 ,Π

205 312 313 357 alter
329 315 626 359 acutissimum
649 326 691 359 et
707 317 1039 364 subtilissimum
1059 321 1226 367 (licendi
1247 341 1382 384 genus
1399 338 1458 370 cst
1478 346 1583 372 con-

205 405 390 439 secutus.
414 397 566 456 Neque
600 414 703 441 vero
742 409 880 443 vester
904 401 1082 461 aequalis
1117 405 1273 460 Curio,
1311 417 1450 466 patre,
1488 427 1580 453 mea

205 478 436 532 sententia,
453 476 519 521 vel
536 477 891 539 eloquentissimo
908 484 1177 543 temporibus
1195 485 1299 540 illis,
1316 505 1580 549 quemquam

203 556 306 599 mihi
337 574 602 618 magnopere
633 560 807 604 videtur
840 563 1025 619 imitari,
1066 566 1140 624 qui
1174 575 1317 611 tamen
1348 569 1578 613 verborum

203 638 433 698 gravitate,
449 649 492 682 et
503 638 735 701 elegantia,
756 653 799 686 et
812 645 959 705 copia,
985 661 1107 689 suam
1121 648 1353 706 quamdam
1368 652 1577 710 expressit

201 719 325 775 quasi
349 717 556 775 formam,
585 721 860 784 figuramque
885 724 1056 769 dicendi
1085 743 1093 770 :
1130 728 1249 788 quod
1277 746 1357 790 ego
1394 733 1578 775 maxime

200 800 324 857 potui
352 799 552 859 judicare
586 803 629 846 in
667 820 716 847 ea
744 821 893 862 causa,
919 824 1050 866 quam
1085 808 1154 852 ille
1188 820 1340 854 contra
1370 829 1437 855 me
1461 814 1578 873 apud

201 882 493 925 centumviros
520 899 600 943 pro
628 884 833 930 fratribus
858 888 1004 931 Cossis
1032 889 1169 944 dixit3
1199 891 1242 933 in
1272 908 1356 951 qua
1383 893 1491 936 nihil
1516 893 1576 937 illi

201 959 357 1016 defuit,
379 964 498 1022 quod
516 982 603 1008 non
622 967 753 1010 modo
768 969 970 1028 copiosus
983 1003 994 1024 ,
1013 969 1229 1014 sedetiam
1245 973 1415 1032 sapiens
1430 985 1577 1018 orator

200 1042 358 1087 habere
381 1044 568 1090 deberet.

264 1127 424 1169 XXIV.
462 1128 655 1184 Verum,
694 1139 741 1172 ut
769 1129 1004 1190 aliquando
1037 1132 1090 1175 ad
1124 1149 1276 1177 causas
1311 1134 1576 1180 deducamus

202 1203 349 1261 illum,
377 1223 507 1266 quem
528 1208 816 1266 instituimus,
838 1220 880 1253 et
900 1227 970 1255 eas
997 1211 1170 1271 quidem
1186 1248 1197 1269 ,
1226 1215 1270 1256 in
1293 1216 1452 1275 quibus
1476 1215 1574 1276 plu-

203 1285 373 1329 sculum
386 1289 547 1347 negotii
559 1297 621 1331 est
634 1323 644 1344 ,
656 1288 924 1348 judiciorum
942 1300 1071 1351 atque
1086 1291 1247 1336 litium:
1266 1295 1409 1337 riserit
1422 1293 1575 1353 aliquis

201 1365 380 1409 fortasse
401 1365 484 1408 hoc
503 1374 784 1425 praeccptum3
799 1375 863 1408 est
882 1366 996 1408 enim
1014 1382 1103 1408 non
1125 1376 1214 1409 tam
1231 1377 1422 1423 acutum,
1442 1385 1573 1428 quam

200 1446 489 1490 necessarium
507 1479 518 1498 ,
542 1445 765 1505 magisque
798 1446 1027 1490 monitoris
1048 1462 1136 1489 non
1160 1445 1295 1501 fatui,
1318 1464 1452 1507 quam
1473 1465 1572 1492 eru·

199 1525 277 1569 diti
298 1525 491 1586 magistri
513 1541 522 1567 :
547 1525 630 1567 hoc
649 1525 686 1567 ei
714 1525 903 1585 primum
930 1526 1246 1586 praecipiemus,
1273 1544 1572 1588 quascumque

199 1622 348 1650 causas
385 1607 467 1649 erit
497 1615 688 1659 actumS,
728 1615 776 1648 ut
813 1622 884 1649 eas
919 1605 1168 1666 diligenter,
1197 1608 1461 1667 penitusque
1497 1625 1570 1652 co-

199 1698 393 1749 gnoscat.

262 1771 355 1811 Hoc
387 1769 430 1811 in
464 1766 566 1810 ludo
596 1784 682 1810 non
711 1769 962 1828 praecipitur
998 1785 1007 1810 τ
1038 1766 1181 1811 faciles
1216 1768 1331 1810 enim
1352 1784 1492 1811 causae
1516 1769 1571 1813 ad

197 1864 356 1908 pueros
391 1846 657 1891 deferuntur.
700 1848 823 1889 «Lex
858 1847 1139 1907 peregrinum
1175 1848 1349 1890 vetatin
1392 1864 1566 1892 murum

196 1927 476 1983 adscendere3
497 1925 741 1982 adscendit3
757 1926 900 1969 hostes
925 1925 1106 1984 repulit;
1127 1937 1409 1970 accusatur.»
1449 1929 1565 1972 Nihil

196 2019 259 2053 est
280 2010 445 2069 negotii
481 2002 739 2065 hujusmodi
768 2019 942 2048 causam
966 2020 1240 2065 cognoscere.
1270 2007 1403 2049 Recte
1432 2005 1568 2065 igitur

193 2084 299 2127 nihil
316 2085 368 2128 de
392 2101 523 2128 causa
537 2082 743 2127 discenda
758 2081 1050 2142 praecipiunt:
1077 2084 1169 2128 haec
1184 2094 1248 2127 est
1263 2083 1378 2127 enim
1408 2081 1572 2125 inludo

192 2180 423 2209 causarum
454 2163 542 2207 fere
571 2161 775 2206 formula.
803 2164 861 2206 At
887 2176 990 2203 vero
1020 2160 1067 2207 in
1098 2164 1216 2219 soro,
1249 2162 1431 2217 tabulae,
1458 2163 1573 2205 testi-

195 2245 362 2302 monia,
386 2254 530 2304 pacta,
559 2252 800 2298 conventa,
829 2239 1161 2302 stipulationes,
1187 2245 1490 2305 cognationes,
1515 2240 1575 2285 af-

192 2327 407 2381 finitates,
431 2324 625 2379 decreta,
654 2340 883 2384 responsa,
906 2325 997 2368 vita
1024 2324 1212 2384 denique
1234 2341 1385 2368 eorum
1400 2359 1411 2377 ‚
1435 2324 1510 2382 qui
1532 2324 1574 2365 in

193 2425 322 2452 causa
352 2414 598 2459 versantur,
626 2414 718 2448 tota
749 2405 1054 2465 cognoscenda
1091 2415 1182 2459 est3
1216 2422 1402 2465 quarum
1430 2420 1574 2446 rerum

195 2488 459 2551 negligentia
485 2485 717 2546 plerasque
743 2500 918 2540 causas,
947 2495 990 2529 et
1014 2487 1201 2529 maxime
1231 2486 1420 2545 privatas
1445 2484 1573 2543 (sunt

193 2573 306 2614 enim
332 2568 471 2612 multo
495 2584 607 2627 soepe
633 2567 962 2625 obscuriores),
993 2567 1190 2612 videmus
1216 2567 1369 2611 amitti.

255 2653 318 2695 Ita
349 2648 572 2701 nonnulli,
608 2647 714 2691 duni
743 2664 919 2707 operam
961 2664 1083 2691 suam
1119 2647 1301 2692 multam
1339 2647 1572 2690 existimari
