1843 3166
678 201 820 236 LIBER
850 201 914 236 111.
1396 206 1464 241 231

122 283 231 327 Nam
258 282 361 342 quid
389 282 514 326 faciet
541 283 583 324 in
608 286 862 343 geometria,
890 285 963 344 qui
989 301 1074 328 non
1101 284 1329 331 didicerit?
1364 289 1469 348 quid

122 363 165 406 in
189 361 397 406 musicis?
421 365 507 406 Aut
530 372 668 406 taceat
691 365 931 423 oportebit,
969 374 1045 408 aut
1067 381 1119 408 ne
1145 381 1272 409 sanus
1295 368 1468 426 quidem

115 441 347 501 judicetur.
375 444 475 486 Haec
499 458 619 495 vero,
648 459 743 502 quae
768 454 867 487 sunt
893 446 937 488 in
966 443 1264 504 philosophia,
1291 446 1468 505 ingeniis

118 532 345 574 eruuntur,
371 521 424 565 ad
447 521 513 577 id,
542 521 659 581 quod
681 522 722 565 in
744 539 916 583 quoque
936 521 1165 567 verisimile
1188 532 1275 577 est,
1299 523 1469 568 elicien-

117 602 221 645 dum
243 603 378 646 acutis
399 611 529 663 atque
553 603 741 659 acribus,
773 619 909 663 eaque
931 604 1161 647 exercitata
1181 604 1377 647 oratione
1399 620 1470 664 po-

117 681 295 726 liuntur.
319 683 396 726 Hic
411 691 557 727 noster
574 682 763 744 vulgaris
780 693 941 739 orator,
967 684 1001 727 si
1025 684 1167 727 minus
1190 684 1271 727 erit
1293 683 1469 738 doctus,

115 771 305 806 attamen
335 763 379 805 in
408 762 589 807 dicendo
619 765 896 818 exercitatus,
932 764 1014 807 hac
1045 765 1134 824 ipsa
1164 765 1470 808 exercitatione

115 844 355 899 communi,
384 844 486 887 istos
509 843 683 904 quidem
711 841 924 905 [nostros]
952 844 1220 900 verberabit,
1263 860 1400 904 neque
1425 860 1468 888 se

113 924 166 967 ab
191 924 241 967 iis
263 925 482 967 contemni
505 940 553 968 ac
573 924 733 985 despici
757 925 879 968 sinet.

178 1004 255 1048 Sin
279 1003 433 1064 aliquis
459 1004 670 1048 exstiterit
694 1003 946 1064 aliquando,
971 1005 1045 1064 qui
1073 1002 1320 1048 Aristotelio
1349 1020 1468 1048 more

113 1084 167 1128 de
190 1084 391 1128 omnibus
411 1085 538 1128 rebus
560 1085 602 1128 in
624 1094 851 1144 utramque
869 1085 1125 1128 sententiam
1149 1084 1285 1144 possit
1307 1083 1465 1140 dicere,

113 1174 155 1208 et
180 1165 223 1208 in
259 1165 376 1208 omni
401 1181 531 1209 causa
565 1164 670 1209 duas
707 1166 943 1209 contrarias
970 1166 1208 1220 orationes,
1243 1165 1465 1224 praeceptis

113 1243 226 1288 illius
240 1245 443 1306 cognitis,
462 1244 675 1306 explicare
688 1280 699 1301 ,
718 1255 792 1289 aut
809 1246 890 1289 hoc
909 1243 1105 1289 Arcesilae
1128 1244 1277 1300 modo,
1305 1254 1346 1288 et
1365 1246 1467 1288 Car-

113 1324 260 1382 neadi,
281 1334 432 1369 contra
447 1341 594 1381 omne,
617 1325 734 1384 quod
755 1325 1026 1385 propositum
1047 1325 1119 1378 sit,
1151 1324 1349 1377 disserat,
1373 1323 1467 1382 qui-

111 1421 195 1464 que
218 1404 270 1448 ad
296 1421 389 1448 eam
418 1406 628 1448 rationem
653 1404 862 1465 adjungat
884 1405 1000 1447 hunc
1023 1404 1287 1447 rhetoricum
1318 1418 1465 1456 usum,

110 1500 361 1544 moremque
400 1484 837 1544 exercitationemque
872 1482 1065 1539 dicendi,
1101 1485 1136 1526 is
1172 1483 1227 1527 sit
1257 1499 1403 1537 verus,
1431 1482 1466 1526 is

110 1563 348 1624 perfectus,
382 1566 415 1609 is
443 1564 558 1609 solus
589 1575 748 1608 orator.
784 1566 898 1608 Nam
934 1579 1074 1623 neque
1108 1564 1199 1606 sine
1222 1562 1464 1606 forensibus

110 1645 252 1689 nervis
283 1646 383 1689 satis
405 1646 637 1689 vehemens
661 1654 702 1687 et
728 1645 887 1704 gra‘Vis,
918 1660 996 1687 nec
1021 1644 1111 1687 sine
1138 1645 1342 1687 varietate
1362 1643 1463 1687 doc-

110 1725 231 1768 trinae
253 1725 356 1769 satis
384 1724 545 1785 politus
566 1734 607 1768 et
634 1725 802 1784 sapiens
823 1740 913 1767 esse
936 1733 1082 1768 orator
1110 1733 1262 1784 potest.

171 1806 318 1861 Quare
343 1807 552 1849 Coracem
578 1805 707 1848 istum
729 1814 918 1848 vestrum
946 1804 1161 1864 patiamur
1187 1820 1264 1846 nos
1290 1803 1461 1863 quidem

106 1884 248 1946 pullos
271 1902 370 1929 suos
394 1884 622 1928 excludere
648 1886 690 1927 in
718 1884 840 1940 nido,
873 1884 946 1943 qui
979 1883 1171 1939 evolent,
1207 1882 1461 1926 clamatores

105 1964 244 2008 odiosi
271 1981 320 2009 ac
348 1964 542 2018 molesti,
566 1963 926 2023 Pamphilumque
952 1964 1094 2006 nescio
1121 1979 1249 2022 quem
1270 1964 1460 2006 sinamus

107 2045 150 2088 in
175 2044 319 2089 infulis
345 2054 506 2089 tantam
528 2061 637 2100 rem,
662 2053 868 2103 tanquam
890 2041 1075 2103 pueriles
1092 2042 1262 2086 delicias
1278 2042 1460 2103 aliquas,

106 2125 339 2186 depingere
366 2142 375 2169 ε
394 2141 557 2185 nosque
574 2125 654 2185 ipsi
674 2124 752 2168 hac
772 2133 858 2166 tam
877 2124 1028 2183 exigua
1048 2122 1337 2183 disputatione
1364 2123 1460 2166 hes-

106 2206 219 2249 terni
243 2215 286 2248 et
308 2205 507 2249 hodierni
525 2204 609 2248 diei
634 2213 771 2247 totum
796 2203 980 2246 oratoris
1002 2218 1160 2245 munus
1181 2200 1460 2262 explicemus,

105 2286 341 2329 dummodo
367 2284 439 2328 illa
457 2302 524 2329 res
546 2294 665 2329 tanta
691 2285 768 2340 sit,
798 2292 845 2326 ut
871 2282 1071 2326 omnibus
1101 2280 1459 2342 philosophorum

105 2365 246 2423 libris,
282 2382 391 2426 quos
425 2382 552 2409 nemo
592 2375 814 2409 oratorum
849 2364 1029 2407 istorum
1068 2378 1260 2423 unquam
1294 2363 1458 2423 attigit,

106 2446 413 2507 comprehensa
434 2462 524 2490 esse
548 2445 756 2489 videatur.

168 2529 309 2571 XXII.
325 2528 509 2570 —Tum
530 2523 731 2579 Catulus,
750 2523 1093 2584 Haudquaquam
1114 2521 1273 2576 hercle,
1296 2521 1456 2581 inquit,

107 2610 275 2664 Crasse,
298 2605 544 2650 mirandum
563 2613 646 2659 est,
670 2620 758 2648 esse
777 2604 820 2647 in
848 2613 888 2648 te
909 2613 1073 2647 tantam
1089 2601 1257 2647 dicendi
1281 2600 1345 2644 vel
1369 2601 1454 2644 vim
