<?xml version="1.0" encoding="UTF-8"?>
<!DOCTYPE html PUBLIC "-//W3C//DTD XHTML 1.0 Transitional//EN"
    "http://www.w3.org/TR/xhtml1/DTD/xhtml1-transitional.dtd">
<html xmlns="http://www.w3.org/1999/xhtml" xml:lang="en" lang="en">
 <head>
  <title>
</title>
<meta http-equiv="Content-Type" content="text/html;charset=utf-8" />
  <meta name='ocr-system' content='tesseract 3.04.00' />
  <meta name='ocr-capabilities' content='ocr_page ocr_carea ocr_par ocr_line ocrx_word'/>
</head>
<body>
  <div class='ocr_page' id='page_1' title='image "./deoratorelibritr00ciceuoft_0184.png"; bbox 0 0 1843 3166; ppageno 0'>
   <div class='ocr_carea' id='block_1_1' title="bbox 330 192 1726 2587">
    <p class='ocr_par' dir='ltr' id='par_1_1' title="bbox 342 192 1181 239">
     <span class='ocr_line' id='line_1_1' title="bbox 342 192 1181 239; baseline -0.004 -10"><span class='ocrx_word' id='word_1_1' title='bbox 342 209 408 239; x_wconf 73' lang='lat'>¹7²¹</span> <span class='ocrx_word' id='word_1_2' title='bbox 853 195 916 228; x_wconf 74' lang='lat' dir='ltr'>DE</span> <span class='ocrx_word' id='word_1_3' title='bbox 947 192 1181 227; x_wconf 69' lang='lat' dir='ltr'><strong>ORATORE</strong></span> 
     </span>
    </p>

    <p class='ocr_par' dir='ltr' id='par_1_2' title="bbox 333 272 1694 819">
     <span class='ocr_line' id='line_1_2' title="bbox 337 272 1690 336; baseline -0.007 -15"><span class='ocrx_word' id='word_1_4' title='bbox 337 279 507 322; x_wconf 74' lang='lat' dir='ltr'>cuniam</span> <span class='ocrx_word' id='word_1_5' title='bbox 537 278 709 321; x_wconf 75' lang='lat' dir='ltr'>dixisset</span> <span class='ocrx_word' id='word_1_6' title='bbox 738 278 905 328; x_wconf 81' lang='lat' dir='ltr'>datam,</span> <span class='ocrx_word' id='word_1_7' title='bbox 946 277 1073 336; x_wconf 78' lang='lat' dir='ltr'>idque</span> <span class='ocrx_word' id='word_1_8' title='bbox 1104 278 1289 319; x_wconf 75' lang='lat' dir='ltr'>Scaurus</span> <span class='ocrx_word' id='word_1_9' title='bbox 1323 273 1531 315; x_wconf 72' lang='lat' dir='ltr'>tenuitate</span> <span class='ocrx_word' id='word_1_10' title='bbox 1558 272 1690 331; x_wconf 69' lang='lat' dir='ltr'>Magni</span> 
     </span>
     <span class='ocr_line' id='line_1_3' title="bbox 338 352 1692 419; baseline -0.007 -16"><span class='ocrx_word' id='word_1_11' title='bbox 338 359 614 419; x_wconf 70' lang='lat' dir='ltr'>redargueret</span> <span class='ocrx_word' id='word_1_12' title='bbox 636 377 644 401; x_wconf 90' lang='lat'>:</span> <span class='ocrx_word' id='word_1_13' title='bbox 676 380 694 398; x_wconf 70' lang='grc' dir='ltr'>ι(</span> <span class='ocrx_word' id='word_1_14' title='bbox 716 361 841 401; x_wconf 75' lang='lat' dir='ltr'>Erras</span> <span class='ocrx_word' id='word_1_15' title='bbox 860 392 869 407; x_wconf 72' lang='lat'>,</span> <span class='ocrx_word' id='word_1_16' title='bbox 891 358 1024 416; x_wconf 82' lang='lat' dir='ltr'>inquit</span> <span class='ocrx_word' id='word_1_17' title='bbox 1041 391 1050 409; x_wconf 95' lang='lat'>,</span> <span class='ocrx_word' id='word_1_18' title='bbox 1072 360 1247 409; x_wconf 68' lang='lat' dir='ltr'>Scauro,</span> <span class='ocrx_word' id='word_1_19' title='bbox 1266 370 1345 413; x_wconf 70' lang='lat' dir='ltr'>ego</span> <span class='ocrx_word' id='word_1_20' title='bbox 1365 353 1478 395; x_wconf 85' lang='lat' dir='ltr'>euim</span> <span class='ocrx_word' id='word_1_21' title='bbox 1500 352 1692 411; x_wconf 78' lang='lat' dir='ltr'>Magium</span> 
     </span>
     <span class='ocr_line' id='line_1_4' title="bbox 338 429 1693 494; baseline -0.008 -12"><span class='ocrx_word' id='word_1_22' title='bbox 338 456 423 482; x_wconf 88' lang='lat' dir='ltr'>non</span> <span class='ocrx_word' id='word_1_23' title='bbox 450 455 726 481; x_wconf 71' lang='lat' dir='ltr'>conservasse</span> <span class='ocrx_word' id='word_1_24' title='bbox 749 437 869 493; x_wconf 73' lang='lat' dir='ltr'>diro,</span> <span class='ocrx_word' id='word_1_25' title='bbox 900 436 992 490; x_wconf 82' lang='lat' dir='ltr'>scd,</span> <span class='ocrx_word' id='word_1_26' title='bbox 1026 446 1230 494; x_wconf 81' lang='lat' dir='ltr'>tanquam</span> <span class='ocrx_word' id='word_1_27' title='bbox 1257 433 1398 475; x_wconf 80' lang='lat' dir='ltr'>nudus</span> <span class='ocrx_word' id='word_1_28' title='bbox 1425 447 1554 473; x_wconf 85' lang='lat' dir='ltr'>nuces</span> <span class='ocrx_word' id='word_1_29' title='bbox 1585 429 1693 490; x_wconf 79' lang='lat' dir='ltr'>lege-</span> 
     </span>
     <span class='ocr_line' id='line_1_5' title="bbox 336 510 1693 572; baseline -0.007 -10"><span class='ocrx_word' id='word_1_30' title='bbox 336 529 420 572; x_wconf 85' lang='lat' dir='ltr'>ret,</span> <span class='ocrx_word' id='word_1_31' title='bbox 450 521 491 562; x_wconf 87' lang='lat' dir='ltr'>iu</span> <span class='ocrx_word' id='word_1_32' title='bbox 522 529 668 561; x_wconf 70' lang='lat' dir='ltr'>ventre</span> <span class='ocrx_word' id='word_1_33' title='bbox 689 517 927 561; x_wconf 78' lang='lat' dir='ltr'>abstulisse.</span> <span class='ocrx_word' id='word_1_34' title='bbox 951 537 970 556; x_wconf 86' lang='lat'>»</span> <span class='ocrx_word' id='word_1_35' title='bbox 1004 518 1059 559; x_wconf 87' lang='lat' dir='ltr'>Ut</span> <span class='ocrx_word' id='word_1_36' title='bbox 1088 514 1156 557; x_wconf 79' lang='lat' dir='ltr'>ille</span> <span class='ocrx_word' id='word_1_37' title='bbox 1181 516 1241 557; x_wconf 87' lang='lat' dir='ltr'>M.</span> <span class='ocrx_word' id='word_1_38' title='bbox 1264 514 1417 557; x_wconf 75' lang='lat' dir='ltr'>Cicero</span> <span class='ocrx_word' id='word_1_39' title='bbox 1438 527 1586 565; x_wconf 85' lang='lat' dir='ltr'>senex,</span> <span class='ocrx_word' id='word_1_40' title='bbox 1614 510 1693 553; x_wconf 90' lang='lat' dir='ltr'>hu-</span> 
     </span>
     <span class='ocr_line' id='line_1_6' title="bbox 333 590 1693 658; baseline -0.007 -16"><span class='ocrx_word' id='word_1_41' title='bbox 333 600 403 658; x_wconf 83' lang='lat' dir='ltr'>jus</span> <span class='ocrx_word' id='word_1_42' title='bbox 433 601 510 641; x_wconf 89' lang='lat' dir='ltr'>viri</span> <span class='ocrx_word' id='word_1_43' title='bbox 545 599 720 658; x_wconf 74' lang='lat' dir='ltr'>optimi,</span> <span class='ocrx_word' id='word_1_44' title='bbox 760 598 896 640; x_wconf 85' lang='lat' dir='ltr'>nostri</span> <span class='ocrx_word' id='word_1_45' title='bbox 935 595 1176 647; x_wconf 72' lang='lat' dir='ltr'>familiaris,</span> <span class='ocrx_word' id='word_1_46' title='bbox 1219 604 1354 653; x_wconf 79' lang='lat' dir='ltr'>pater,</span> <span class='ocrx_word' id='word_1_47' title='bbox 1379 601 1590 634; x_wconf 79' lang='lat' dir='ltr'>«nostros</span> <span class='ocrx_word' id='word_1_48' title='bbox 1618 590 1693 633; x_wconf 84' lang='lat' dir='ltr'>ho-</span> 
     </span>
     <span class='ocr_line' id='line_1_7' title="bbox 338 671 1694 737; baseline -0.007 -15"><span class='ocrx_word' id='word_1_49' title='bbox 338 681 471 722; x_wconf 78' lang='lat' dir='ltr'>mines</span> <span class='ocrx_word' id='word_1_50' title='bbox 491 678 649 722; x_wconf 74' lang='lat' dir='ltr'>similes</span> <span class='ocrx_word' id='word_1_51' title='bbox 672 695 762 721; x_wconf 82' lang='lat' dir='ltr'>csse</span> <span class='ocrx_word' id='word_1_52' title='bbox 782 681 987 737; x_wconf 74' lang='lat' dir='ltr'>Syrorum</span> <span class='ocrx_word' id='word_1_53' title='bbox 1010 675 1247 718; x_wconf 73' lang='lat' dir='ltr'>venalium:</span> <span class='ocrx_word' id='word_1_54' title='bbox 1273 683 1317 716; x_wconf 88' lang='lat' dir='ltr'>ut</span> <span class='ocrx_word' id='word_1_55' title='bbox 1336 674 1517 732; x_wconf 82' lang='lat' dir='ltr'>quisquc</span> <span class='ocrx_word' id='word_1_56' title='bbox 1532 671 1694 731; x_wconf 81' lang='lat' dir='ltr'>optimc</span> 
     </span>
     <span class='ocr_line' id='line_1_8' title="bbox 335 757 1223 819; baseline -0.008 -17"><span class='ocrx_word' id='word_1_57' title='bbox 335 776 468 819; x_wconf 71' lang='lat' dir='ltr'>graecc</span> <span class='ocrx_word' id='word_1_58' title='bbox 489 760 640 812; x_wconf 78' lang='lat' dir='ltr'>sciret,</span> <span class='ocrx_word' id='word_1_59' title='bbox 668 760 723 801; x_wconf 83' lang='lat' dir='ltr'>ita</span> <span class='ocrx_word' id='word_1_60' title='bbox 747 775 836 800; x_wconf 69' lang='lat' dir='ltr'>csse</span> <span class='ocrx_word' id='word_1_61' title='bbox 859 757 1180 815; x_wconf 78' lang='lat' dir='ltr'>nequissimum.</span> <span class='ocrx_word' id='word_1_62' title='bbox 1205 774 1223 792; x_wconf 63' lang='lat'>&gt;³</span> 
     </span>
    </p>

    <p class='ocr_par' dir='ltr' id='par_1_3' title="bbox 331 832 1694 1621">
     <span class='ocr_line' id='line_1_9' title="bbox 395 832 1694 894; baseline -0.006 -12"><span class='ocrx_word' id='word_1_63' title='bbox 395 839 530 882; x_wconf 75' lang='lat' dir='ltr'>Valde</span> <span class='ocrx_word' id='word_1_64' title='bbox 552 849 694 882; x_wconf 81' lang='lat' dir='ltr'>autem</span> <span class='ocrx_word' id='word_1_65' title='bbox 716 839 913 881; x_wconf 77' lang='lat' dir='ltr'>ridentur</span> <span class='ocrx_word' id='word_1_66' title='bbox 935 838 1065 880; x_wconf 84' lang='lat' dir='ltr'>etiam</span> <span class='ocrx_word' id='word_1_67' title='bbox 1089 836 1312 894; x_wconf 78' lang='lat' dir='ltr'>imagines,</span> <span class='ocrx_word' id='word_1_68' title='bbox 1338 850 1432 893; x_wconf 66' lang='lat' dir='ltr'>quie</span> <span class='ocrx_word' id='word_1_69' title='bbox 1455 833 1540 876; x_wconf 85' lang='lat' dir='ltr'>sere</span> <span class='ocrx_word' id='word_1_70' title='bbox 1563 834 1604 875; x_wconf 87' lang='lat' dir='ltr'>in</span> <span class='ocrx_word' id='word_1_71' title='bbox 1628 832 1694 874; x_wconf 85' lang='lat' dir='ltr'>de-</span> 
     </span>
     <span class='ocr_line' id='line_1_10' title="bbox 336 913 1694 977; baseline -0.007 -14"><span class='ocrx_word' id='word_1_72' title='bbox 336 920 618 973; x_wconf 63' lang='lat' dir='ltr'>formitatem,</span> <span class='ocrx_word' id='word_1_73' title='bbox 656 928 729 961; x_wconf 87' lang='lat' dir='ltr'>aut</span> <span class='ocrx_word' id='word_1_74' title='bbox 772 920 812 961; x_wconf 90' lang='lat' dir='ltr'>iu</span> <span class='ocrx_word' id='word_1_75' title='bbox 851 917 1026 977; x_wconf 77' lang='lat' dir='ltr'>aliquod</span> <span class='ocrx_word' id='word_1_76' title='bbox 1060 917 1209 959; x_wconf 81' lang='lat' dir='ltr'>vitium</span> <span class='ocrx_word' id='word_1_77' title='bbox 1244 916 1439 975; x_wconf 78' lang='lat' dir='ltr'>corporis</span> <span class='ocrx_word' id='word_1_78' title='bbox 1474 913 1694 956; x_wconf 85' lang='lat' dir='ltr'>ducuntur</span> 
     </span>
     <span class='ocr_line' id='line_1_11' title="bbox 333 992 1691 1057; baseline -0.006 -15"><span class='ocrx_word' id='word_1_79' title='bbox 333 1017 430 1043; x_wconf 86' lang='lat' dir='ltr'>cum</span> <span class='ocrx_word' id='word_1_80' title='bbox 456 998 738 1042; x_wconf 84' lang='lat' dir='ltr'>similitudine</span> <span class='ocrx_word' id='word_1_81' title='bbox 765 998 972 1057; x_wconf 81' lang='lat' dir='ltr'>turpioris</span> <span class='ocrx_word' id='word_1_82' title='bbox 999 1014 1006 1039; x_wconf 91' lang='lat'>:</span> <span class='ocrx_word' id='word_1_83' title='bbox 1044 1007 1091 1039; x_wconf 92' lang='lat' dir='ltr'>ut</span> <span class='ocrx_word' id='word_1_84' title='bbox 1117 1013 1260 1039; x_wconf 85' lang='lat' dir='ltr'>meum</span> <span class='ocrx_word' id='word_1_85' title='bbox 1288 994 1394 1038; x_wconf 83' lang='lat' dir='ltr'>illud</span> <span class='ocrx_word' id='word_1_86' title='bbox 1423 995 1464 1036; x_wconf 91' lang='lat' dir='ltr'>in</span> <span class='ocrx_word' id='word_1_87' title='bbox 1491 992 1691 1037; x_wconf 79' lang='lat' dir='ltr'>Helvium</span> 
     </span>
     <span class='ocr_line' id='line_1_12' title="bbox 331 1073 1692 1136; baseline -0.004 -14"><span class='ocrx_word' id='word_1_88' title='bbox 331 1081 571 1129; x_wconf 79' lang='lat' dir='ltr'>Manciam,</span> <span class='ocrx_word' id='word_1_89' title='bbox 600 1099 618 1118; x_wconf 88' lang='lat'>«</span> <span class='ocrx_word' id='word_1_90' title='bbox 636 1081 729 1121; x_wconf 85' lang='lat' dir='ltr'>Jam</span> <span class='ocrx_word' id='word_1_91' title='bbox 755 1077 1003 1131; x_wconf 87' lang='lat' dir='ltr'>ostendam,</span> <span class='ocrx_word' id='word_1_92' title='bbox 1029 1075 1271 1136; x_wconf 70' lang='lat' dir='ltr'>cujusmodi</span> <span class='ocrx_word' id='word_1_93' title='bbox 1294 1076 1349 1117; x_wconf 83' lang='lat' dir='ltr'>sis</span> <span class='ocrx_word' id='word_1_94' title='bbox 1372 1092 1379 1117; x_wconf 77' lang='grc' dir='ltr'>ε</span> <span class='ocrx_word' id='word_1_95' title='bbox 1401 1095 1420 1115; x_wconf 87' lang='lat'>»</span> <span class='ocrx_word' id='word_1_96' title='bbox 1447 1091 1581 1133; x_wconf 88' lang='lat' dir='ltr'>quum</span> <span class='ocrx_word' id='word_1_97' title='bbox 1605 1073 1692 1128; x_wconf 86' lang='lat' dir='ltr'>ille,</span> 
     </span>
     <span class='ocr_line' id='line_1_13' title="bbox 331 1153 1691 1219; baseline -0.004 -19"><span class='ocrx_word' id='word_1_98' title='bbox 331 1159 579 1214; x_wconf 77' lang='lat' dir='ltr'>«Ostende,</span> <span class='ocrx_word' id='word_1_99' title='bbox 610 1176 774 1219; x_wconf 77' lang='lat' dir='ltr'>quaeso3</span> <span class='ocrx_word' id='word_1_100' title='bbox 796 1178 814 1198; x_wconf 87' lang='lat'>»</span> <span class='ocrx_word' id='word_1_101' title='bbox 841 1157 1132 1200; x_wconf 80' lang='lat' dir='ltr'>demonstravi</span> <span class='ocrx_word' id='word_1_102' title='bbox 1161 1156 1296 1216; x_wconf 80' lang='lat' dir='ltr'>digito</span> <span class='ocrx_word' id='word_1_103' title='bbox 1326 1157 1490 1216; x_wconf 85' lang='lat' dir='ltr'>pictum</span> <span class='ocrx_word' id='word_1_104' title='bbox 1517 1153 1691 1197; x_wconf 81' lang='lat' dir='ltr'>Gallum</span> 
     </span>
     <span class='ocr_line' id='line_1_14' title="bbox 332 1236 1690 1295; baseline -0.004 -13"><span class='ocrx_word' id='word_1_105' title='bbox 332 1241 375 1283; x_wconf 88' lang='lat' dir='ltr'>in</span> <span class='ocrx_word' id='word_1_106' title='bbox 393 1241 593 1284; x_wconf 87' lang='lat' dir='ltr'>Mariano</span> <span class='ocrx_word' id='word_1_107' title='bbox 614 1250 737 1284; x_wconf 86' lang='lat' dir='ltr'>scuto</span> <span class='ocrx_word' id='word_1_108' title='bbox 752 1240 991 1293; x_wconf 87' lang='lat' dir='ltr'>Cimbrico,</span> <span class='ocrx_word' id='word_1_109' title='bbox 1012 1239 1090 1282; x_wconf 87' lang='lat' dir='ltr'>sub</span> <span class='ocrx_word' id='word_1_110' title='bbox 1110 1239 1266 1290; x_wconf 80' lang='lat' dir='ltr'>Novis,</span> <span class='ocrx_word' id='word_1_111' title='bbox 1283 1237 1539 1290; x_wconf 85' lang='lat' dir='ltr'>distortum,</span> <span class='ocrx_word' id='word_1_112' title='bbox 1560 1236 1690 1295; x_wconf 84' lang='lat' dir='ltr'>ejecta</span> 
     </span>
     <span class='ocr_line' id='line_1_15' title="bbox 332 1315 1690 1380; baseline -0.004 -18"><span class='ocrx_word' id='word_1_113' title='bbox 332 1319 503 1380; x_wconf 83' lang='lat' dir='ltr'>lingua,</span> <span class='ocrx_word' id='word_1_114' title='bbox 538 1321 683 1364; x_wconf 85' lang='lat' dir='ltr'>buccis</span> <span class='ocrx_word' id='word_1_115' title='bbox 715 1321 949 1363; x_wconf 84' lang='lat' dir='ltr'>fluentibus</span> <span class='ocrx_word' id='word_1_116' title='bbox 982 1337 990 1361; x_wconf 91' lang='lat'>:</span> <span class='ocrx_word' id='word_1_117' title='bbox 1034 1320 1146 1364; x_wconf 87' lang='lat' dir='ltr'>risus</span> <span class='ocrx_word' id='word_1_118' title='bbox 1181 1328 1244 1361; x_wconf 83' lang='lat' dir='ltr'>est</span> <span class='ocrx_word' id='word_1_119' title='bbox 1276 1326 1547 1370; x_wconf 84' lang='lat' dir='ltr'>commotus;</span> <span class='ocrx_word' id='word_1_120' title='bbox 1586 1315 1690 1358; x_wconf 84' lang='lat' dir='ltr'>nihil</span> 
     </span>
     <span class='ocr_line' id='line_1_16' title="bbox 331 1398 1689 1458; baseline -0.002 -15"><span class='ocrx_word' id='word_1_121' title='bbox 331 1410 417 1444; x_wconf 87' lang='lat' dir='ltr'>tam</span> <span class='ocrx_word' id='word_1_122' title='bbox 442 1403 627 1445; x_wconf 64' lang='lat' dir='ltr'>Mancizrv</span> <span class='ocrx_word' id='word_1_123' title='bbox 655 1401 793 1444; x_wconf 85' lang='lat' dir='ltr'>simile</span> <span class='ocrx_word' id='word_1_124' title='bbox 818 1402 959 1444; x_wconf 86' lang='lat' dir='ltr'>visum</span> <span class='ocrx_word' id='word_1_125' title='bbox 985 1410 1061 1443; x_wconf 77' lang='lat' dir='ltr'>est.</span> <span class='ocrx_word' id='word_1_126' title='bbox 1102 1402 1163 1444; x_wconf 86' lang='lat' dir='ltr'>Ut</span> <span class='ocrx_word' id='word_1_127' title='bbox 1194 1416 1329 1458; x_wconf 87' lang='lat' dir='ltr'>quum</span> <span class='ocrx_word' id='word_1_128' title='bbox 1360 1400 1460 1442; x_wconf 80' lang='lat' dir='ltr'>Tito</span> <span class='ocrx_word' id='word_1_129' title='bbox 1492 1398 1689 1449; x_wconf 86' lang='lat' dir='ltr'>Pinario,</span> 
     </span>
     <span class='ocr_line' id='line_1_17' title="bbox 332 1479 1690 1541; baseline -0.004 -16"><span class='ocrx_word' id='word_1_130' title='bbox 332 1492 527 1525; x_wconf 83' lang='lat' dir='ltr'>mentum</span> <span class='ocrx_word' id='word_1_131' title='bbox 554 1484 596 1525; x_wconf 89' lang='lat' dir='ltr'>in</span> <span class='ocrx_word' id='word_1_132' title='bbox 632 1482 815 1525; x_wconf 87' lang='lat' dir='ltr'>dicendo</span> <span class='ocrx_word' id='word_1_133' title='bbox 849 1482 1142 1541; x_wconf 84' lang='lat' dir='ltr'>intorquenti,</span> <span class='ocrx_word' id='word_1_134' title='bbox 1181 1491 1312 1523; x_wconf 78' lang='lat' dir='ltr'>«tum</span> <span class='ocrx_word' id='word_1_135' title='bbox 1350 1489 1392 1522; x_wconf 79' lang='lat' dir='ltr'>ut</span> <span class='ocrx_word' id='word_1_136' title='bbox 1432 1479 1616 1532; x_wconf 81' lang='lat' dir='ltr'>diceret,</span> <span class='ocrx_word' id='word_1_137' title='bbox 1659 1496 1690 1520; x_wconf 77' lang='lat' dir='ltr'>si</span> 
     </span>
     <span class='ocr_line' id='line_1_18' title="bbox 331 1561 1134 1621; baseline -0.002 -18"><span class='ocrx_word' id='word_1_138' title='bbox 331 1562 433 1621; x_wconf 82' lang='lat' dir='ltr'>quid</span> <span class='ocrx_word' id='word_1_139' title='bbox 460 1561 613 1617; x_wconf 87' lang='lat' dir='ltr'>vellet,</span> <span class='ocrx_word' id='word_1_140' title='bbox 641 1563 675 1604; x_wconf 89' lang='lat' dir='ltr'>si</span> <span class='ocrx_word' id='word_1_141' title='bbox 700 1578 855 1604; x_wconf 89' lang='lat' dir='ltr'>nucem</span> <span class='ocrx_word' id='word_1_142' title='bbox 881 1561 1090 1621; x_wconf 83' lang='lat' dir='ltr'>fregisset.</span> <span class='ocrx_word' id='word_1_143' title='bbox 1115 1581 1134 1601; x_wconf 70' lang='lat' dir='ltr'>n</span> 
     </span>
    </p>

    <p class='ocr_par' dir='ltr' id='par_1_4' title="bbox 330 1640 1691 2263">
     <span class='ocr_line' id='line_1_19' title="bbox 393 1640 1691 1702; baseline -0.003 -17"><span class='ocrx_word' id='word_1_144' title='bbox 393 1644 534 1685; x_wconf 85' lang='lat' dir='ltr'>Etiam</span> <span class='ocrx_word' id='word_1_145' title='bbox 565 1641 660 1695; x_wconf 85' lang='lat' dir='ltr'>illa,</span> <span class='ocrx_word' id='word_1_146' title='bbox 689 1659 784 1702; x_wconf 76' lang='lat' dir='ltr'>quae</span> <span class='ocrx_word' id='word_1_147' title='bbox 809 1640 1061 1696; x_wconf 87' lang='lat' dir='ltr'>minuendi,</span> <span class='ocrx_word' id='word_1_148' title='bbox 1089 1651 1160 1683; x_wconf 83' lang='lat' dir='ltr'>aut</span> <span class='ocrx_word' id='word_1_149' title='bbox 1189 1641 1374 1701; x_wconf 80' lang='lat' dir='ltr'>augendi</span> <span class='ocrx_word' id='word_1_150' title='bbox 1401 1657 1528 1684; x_wconf 83' lang='lat' dir='ltr'>causa</span> <span class='ocrx_word' id='word_1_151' title='bbox 1552 1640 1603 1682; x_wconf 84' lang='lat' dir='ltr'>ad</span> <span class='ocrx_word' id='word_1_152' title='bbox 1630 1640 1691 1682; x_wconf 91' lang='lat' dir='ltr'>in-</span> 
     </span>
     <span class='ocr_line' id='line_1_20' title="bbox 331 1720 1691 1776; baseline -0.003 -10"><span class='ocrx_word' id='word_1_153' title='bbox 331 1723 582 1766; x_wconf 83' lang='lat' dir='ltr'>credibilem</span> <span class='ocrx_word' id='word_1_154' title='bbox 609 1722 940 1766; x_wconf 79' lang='lat' dir='ltr'>admirationem</span> <span class='ocrx_word' id='word_1_155' title='bbox 967 1721 1209 1765; x_wconf 86' lang='lat' dir='ltr'>efferuntur</span> <span class='ocrx_word' id='word_1_156' title='bbox 1231 1738 1239 1764; x_wconf 89' lang='lat'>:</span> <span class='ocrx_word' id='word_1_157' title='bbox 1271 1720 1387 1764; x_wconf 88' lang='lat' dir='ltr'>velut</span> <span class='ocrx_word' id='word_1_158' title='bbox 1414 1731 1486 1776; x_wconf 86' lang='lat' dir='ltr'>tu,</span> <span class='ocrx_word' id='word_1_159' title='bbox 1515 1722 1691 1772; x_wconf 79' lang='lat' dir='ltr'>Crasse,</span> 
     </span>
     <span class='ocr_line' id='line_1_21' title="bbox 331 1802 1690 1863; baseline -0.002 -17"><span class='ocrx_word' id='word_1_160' title='bbox 331 1806 374 1846; x_wconf 89' lang='lat' dir='ltr'>iu</span> <span class='ocrx_word' id='word_1_161' title='bbox 398 1805 628 1860; x_wconf 83' lang='lat' dir='ltr'>concione,</span> <span class='ocrx_word' id='word_1_162' title='bbox 651 1823 669 1843; x_wconf 86' lang='lat'>«</span> <span class='ocrx_word' id='word_1_163' title='bbox 688 1804 746 1847; x_wconf 83' lang='lat' dir='ltr'>ita</span> <span class='ocrx_word' id='word_1_164' title='bbox 766 1804 846 1846; x_wconf 82' lang='lat' dir='ltr'>sihi</span> <span class='ocrx_word' id='word_1_165' title='bbox 865 1804 1006 1863; x_wconf 87' lang='lat' dir='ltr'>ipsum</span> <span class='ocrx_word' id='word_1_166' title='bbox 1030 1819 1234 1862; x_wconf 84' lang='lat' dir='ltr'>magnum</span> <span class='ocrx_word' id='word_1_167' title='bbox 1255 1802 1389 1844; x_wconf 85' lang='lat' dir='ltr'>videri</span> <span class='ocrx_word' id='word_1_168' title='bbox 1408 1802 1664 1844; x_wconf 82' lang='lat' dir='ltr'>Memmium</span> <span class='ocrx_word' id='word_1_169' title='bbox 1681 1835 1690 1853; x_wconf 87' lang='lat'>,</span> 
     </span>
     <span class='ocr_line' id='line_1_22' title="bbox 331 1881 1690 1943; baseline -0.003 -16"><span class='ocrx_word' id='word_1_170' title='bbox 331 1894 379 1927; x_wconf 89' lang='lat' dir='ltr'>ut</span> <span class='ocrx_word' id='word_1_171' title='bbox 403 1885 445 1927; x_wconf 89' lang='lat' dir='ltr'>in</span> <span class='ocrx_word' id='word_1_172' title='bbox 471 1884 611 1927; x_wconf 88' lang='lat' dir='ltr'>forum</span> <span class='ocrx_word' id='word_1_173' title='bbox 639 1884 903 1927; x_wconf 90' lang='lat' dir='ltr'>descendens</span> <span class='ocrx_word' id='word_1_174' title='bbox 932 1893 1059 1943; x_wconf 85' lang='lat' dir='ltr'>caput</span> <span class='ocrx_word' id='word_1_175' title='bbox 1084 1882 1136 1926; x_wconf 85' lang='lat' dir='ltr'>ad</span> <span class='ocrx_word' id='word_1_176' title='bbox 1162 1882 1370 1925; x_wconf 74' lang='lat' dir='ltr'>fornicem</span> <span class='ocrx_word' id='word_1_177' title='bbox 1398 1881 1515 1924; x_wconf 82' lang='lat' dir='ltr'>Fabii</span> <span class='ocrx_word' id='word_1_178' title='bbox 1539 1881 1690 1923; x_wconf 87' lang='lat' dir='ltr'>demit-</span> 
     </span>
     <span class='ocr_line' id='line_1_23' title="bbox 330 1960 1689 2024; baseline -0.003 -18"><span class='ocrx_word' id='word_1_179' title='bbox 330 1974 452 2007; x_wconf 84' lang='lat' dir='ltr'>teret.</span> <span class='ocrx_word' id='word_1_180' title='bbox 477 1984 496 2004; x_wconf 89' lang='lat'>»</span> <span class='ocrx_word' id='word_1_181' title='bbox 526 1967 587 2007; x_wconf 81' lang='lat' dir='ltr'>Ex</span> <span class='ocrx_word' id='word_1_182' title='bbox 611 1981 696 2024; x_wconf 90' lang='lat' dir='ltr'>quo</span> <span class='ocrx_word' id='word_1_183' title='bbox 716 1980 871 2024; x_wconf 84' lang='lat' dir='ltr'>genere</span> <span class='ocrx_word' id='word_1_184' title='bbox 893 1964 1021 2006; x_wconf 85' lang='lat' dir='ltr'>etiam</span> <span class='ocrx_word' id='word_1_185' title='bbox 1041 1961 1147 2005; x_wconf 79' lang='lat' dir='ltr'>illud</span> <span class='ocrx_word' id='word_1_186' title='bbox 1167 1971 1249 2015; x_wconf 87' lang='lat' dir='ltr'>est,</span> <span class='ocrx_word' id='word_1_187' title='bbox 1270 1960 1386 2020; x_wconf 85' lang='lat' dir='ltr'>quod</span> <span class='ocrx_word' id='word_1_188' title='bbox 1411 1961 1554 2020; x_wconf 86' lang='lat' dir='ltr'>Scipio</span> <span class='ocrx_word' id='word_1_189' title='bbox 1575 1960 1689 2020; x_wconf 75' lang='lat' dir='ltr'>apud</span> 
     </span>
     <span class='ocr_line' id='line_1_24' title="bbox 331 2040 1689 2103; baseline -0.001 -17"><span class='ocrx_word' id='word_1_190' title='bbox 331 2045 611 2087; x_wconf 84' lang='lat' dir='ltr'>Numantiam</span> <span class='ocrx_word' id='word_1_191' title='bbox 628 2078 639 2098; x_wconf 90' lang='lat'>,</span> <span class='ocrx_word' id='word_1_192' title='bbox 691 2060 826 2103; x_wconf 88' lang='lat' dir='ltr'>quum</span> <span class='ocrx_word' id='word_1_193' title='bbox 871 2043 1216 2086; x_wconf 85' lang='lat' dir='ltr'>stomacharetur</span> <span class='ocrx_word' id='word_1_194' title='bbox 1255 2058 1352 2084; x_wconf 92' lang='lat' dir='ltr'>cum</span> <span class='ocrx_word' id='word_1_195' title='bbox 1394 2043 1441 2084; x_wconf 83' lang='lat' dir='ltr'>C.</span> <span class='ocrx_word' id='word_1_196' title='bbox 1483 2040 1662 2085; x_wconf 86' lang='lat' dir='ltr'>Metello</span> <span class='ocrx_word' id='word_1_197' title='bbox 1678 2076 1689 2097; x_wconf 83' lang='lat'>,</span> 
     </span>
     <span class='ocr_line' id='line_1_25' title="bbox 330 2122 1688 2184; baseline 0 -18"><span class='ocrx_word' id='word_1_198' title='bbox 330 2123 485 2166; x_wconf 77' lang='lat' dir='ltr'>dixisse</span> <span class='ocrx_word' id='word_1_199' title='bbox 508 2123 680 2178; x_wconf 84' lang='lat' dir='ltr'>dicitur,</span> <span class='ocrx_word' id='word_1_200' title='bbox 710 2144 729 2164; x_wconf 85' lang='lat'>«</span> <span class='ocrx_word' id='word_1_201' title='bbox 753 2125 797 2167; x_wconf 91' lang='lat' dir='ltr'>Si</span> <span class='ocrx_word' id='word_1_202' title='bbox 823 2124 1025 2183; x_wconf 87' lang='lat' dir='ltr'>quintum</span> <span class='ocrx_word' id='word_1_203' title='bbox 1048 2134 1216 2183; x_wconf 85' lang='lat' dir='ltr'>pareret</span> <span class='ocrx_word' id='word_1_204' title='bbox 1233 2132 1369 2166; x_wconf 82' lang='lat' dir='ltr'>mater</span> <span class='ocrx_word' id='word_1_205' title='bbox 1383 2122 1496 2184; x_wconf 86' lang='lat' dir='ltr'>cjuS,</span> <span class='ocrx_word' id='word_1_206' title='bbox 1522 2124 1688 2167; x_wconf 84' lang='lat' dir='ltr'>asinum</span> 
     </span>
     <span class='ocr_line' id='line_1_26' title="bbox 332 2204 771 2263; baseline -0.005 -17"><span class='ocrx_word' id='word_1_207' title='bbox 332 2204 459 2247; x_wconf 80' lang='lat' dir='ltr'>fuisse</span> <span class='ocrx_word' id='word_1_208' title='bbox 482 2205 735 2263; x_wconf 83' lang='lat' dir='ltr'>parituram.</span> <span class='ocrx_word' id='word_1_209' title='bbox 753 2224 771 2244; x_wconf 87' lang='lat'>»</span> 
     </span>
    </p>

    <p class='ocr_par' dir='ltr' id='par_1_5' title="bbox 331 2284 1726 2587">
     <span class='ocr_line' id='line_1_27' title="bbox 392 2284 1726 2347; baseline 0.001 -20"><span class='ocrx_word' id='word_1_210' title='bbox 392 2287 558 2344; x_wconf 85' lang='lat' dir='ltr'>Arguta</span> <span class='ocrx_word' id='word_1_211' title='bbox 576 2285 705 2327; x_wconf 84' lang='lat' dir='ltr'>etiam</span> <span class='ocrx_word' id='word_1_212' title='bbox 729 2284 985 2344; x_wconf 83' lang='lat' dir='ltr'>significatio</span> <span class='ocrx_word' id='word_1_213' title='bbox 1005 2296 1090 2338; x_wconf 80' lang='lat' dir='ltr'>est,</span> <span class='ocrx_word' id='word_1_214' title='bbox 1119 2302 1253 2344; x_wconf 87' lang='lat' dir='ltr'>quum</span> <span class='ocrx_word' id='word_1_215' title='bbox 1279 2301 1409 2345; x_wconf 85' lang='lat' dir='ltr'>parva</span> <span class='ocrx_word' id='word_1_216' title='bbox 1428 2301 1495 2339; x_wconf 88' lang='lat' dir='ltr'>re,</span> <span class='ocrx_word' id='word_1_217' title='bbox 1520 2294 1561 2328; x_wconf 89' lang='lat' dir='ltr'>et</span> <span class='ocrx_word' id='word_1_218' title='bbox 1581 2302 1689 2345; x_wconf 83' lang='lat' dir='ltr'>saepe</span> <span class='ocrx_word' id='word_1_219' title='bbox 1724 2344 1726 2347; x_wconf 27' lang='grc' dir='ltr'>Ι</span> 
     </span>
     <span class='ocr_line' id='line_1_28' title="bbox 331 2364 1686 2424; baseline 0.001 -18"><span class='ocrx_word' id='word_1_220' title='bbox 331 2365 464 2407; x_wconf 87' lang='lat' dir='ltr'>verbo</span> <span class='ocrx_word' id='word_1_221' title='bbox 485 2381 550 2407; x_wconf 86' lang='lat' dir='ltr'>res</span> <span class='ocrx_word' id='word_1_222' title='bbox 569 2364 748 2408; x_wconf 84' lang='lat' dir='ltr'>obscura</span> <span class='ocrx_word' id='word_1_223' title='bbox 768 2375 810 2408; x_wconf 88' lang='lat' dir='ltr'>et</span> <span class='ocrx_word' id='word_1_224' title='bbox 827 2364 961 2408; x_wconf 83' lang='lat' dir='ltr'>latens</span> <span class='ocrx_word' id='word_1_225' title='bbox 982 2365 1221 2409; x_wconf 86' lang='lat' dir='ltr'>illustratur</span> <span class='ocrx_word' id='word_1_226' title='bbox 1242 2384 1249 2408; x_wconf 88' lang='grc'>;</span> <span class='ocrx_word' id='word_1_227' title='bbox 1280 2376 1352 2420; x_wconf 90' lang='lat' dir='ltr'>ut,</span> <span class='ocrx_word' id='word_1_228' title='bbox 1378 2382 1512 2424; x_wconf 88' lang='lat' dir='ltr'>quum</span> <span class='ocrx_word' id='word_1_229' title='bbox 1537 2366 1583 2408; x_wconf 90' lang='lat' dir='ltr'>C.</span> <span class='ocrx_word' id='word_1_230' title='bbox 1609 2368 1686 2408; x_wconf 75' lang='lat' dir='ltr'>Fa-</span> 
     </span>
     <span class='ocr_line' id='line_1_29' title="bbox 332 2443 1684 2501; baseline 0.001 -14"><span class='ocrx_word' id='word_1_231' title='bbox 332 2444 469 2488; x_wconf 83' lang='lat' dir='ltr'>bricio</span> <span class='ocrx_word' id='word_1_232' title='bbox 494 2446 539 2487; x_wconf 89' lang='lat' dir='ltr'>P.</span> <span class='ocrx_word' id='word_1_233' title='bbox 565 2443 815 2501; x_wconf 74' lang='lat' dir='ltr'>Cornelius,</span> <span class='ocrx_word' id='word_1_234' title='bbox 844 2446 1000 2501; x_wconf 88' lang='lat' dir='ltr'>homo,</span> <span class='ocrx_word' id='word_1_235' title='bbox 1026 2457 1071 2489; x_wconf 81' lang='lat' dir='ltr'>ut</span> <span class='ocrx_word' id='word_1_236' title='bbox 1101 2446 1441 2499; x_wconf 79' lang='lat' dir='ltr'>existimabatur,</span> <span class='ocrx_word' id='word_1_237' title='bbox 1467 2461 1621 2490; x_wconf 84' lang='lat' dir='ltr'>avarus</span> <span class='ocrx_word' id='word_1_238' title='bbox 1647 2457 1684 2489; x_wconf 79' lang='lat' dir='ltr'>et</span> 
     </span>
     <span class='ocr_line' id='line_1_30' title="bbox 333 2524 1688 2587; baseline 0.001 -19"><span class='ocrx_word' id='word_1_239' title='bbox 333 2524 478 2582; x_wconf 83' lang='lat' dir='ltr'>furax,</span> <span class='ocrx_word' id='word_1_240' title='bbox 518 2525 592 2568; x_wconf 86' lang='lat' dir='ltr'>sed</span> <span class='ocrx_word' id='word_1_241' title='bbox 623 2526 791 2585; x_wconf 85' lang='lat' dir='ltr'>egregie</span> <span class='ocrx_word' id='word_1_242' title='bbox 828 2526 971 2582; x_wconf 84' lang='lat' dir='ltr'>fortis,</span> <span class='ocrx_word' id='word_1_243' title='bbox 1009 2536 1048 2568; x_wconf 85' lang='lat' dir='ltr'>ct</span> <span class='ocrx_word' id='word_1_244' title='bbox 1079 2527 1219 2569; x_wconf 88' lang='lat' dir='ltr'>bonus</span> <span class='ocrx_word' id='word_1_245' title='bbox 1250 2527 1495 2587; x_wconf 82' lang='lat' dir='ltr'>imperator,</span> <span class='ocrx_word' id='word_1_246' title='bbox 1532 2527 1688 2587; x_wconf 83' lang='lat' dir='ltr'>gratias</span> 
     </span>
    </p>
   </div>
   <div class='ocr_carea' id='block_1_2' title="bbox 333 2606 1687 2665">
    <p class='ocr_par' dir='ltr' id='par_1_6' title="bbox 333 2606 1687 2665">
     <span class='ocr_line' id='line_1_31' title="bbox 333 2606 1687 2665; baseline 0.001 -17"><span class='ocrx_word' id='word_1_247' title='bbox 333 2616 501 2665; x_wconf 72' lang='lat' dir='ltr'>ageret,</span> <span class='ocrx_word' id='word_1_248' title='bbox 529 2606 644 2665; x_wconf 85' lang='lat' dir='ltr'>quod</span> <span class='ocrx_word' id='word_1_249' title='bbox 671 2624 714 2648; x_wconf 83' lang='lat' dir='ltr'>se</span> <span class='ocrx_word' id='word_1_250' title='bbox 737 2606 868 2649; x_wconf 85' lang='lat' dir='ltr'>homo</span> <span class='ocrx_word' id='word_1_251' title='bbox 896 2608 1094 2650; x_wconf 83' lang='lat' dir='ltr'>inimicus</span> <span class='ocrx_word' id='word_1_252' title='bbox 1116 2606 1334 2650; x_wconf 78' lang='lat' dir='ltr'>consulem</span> <span class='ocrx_word' id='word_1_253' title='bbox 1360 2607 1548 2662; x_wconf 77' lang='lat' dir='ltr'>fecisset,</span> <span class='ocrx_word' id='word_1_254' title='bbox 1574 2607 1687 2650; x_wconf 88' lang='lat' dir='ltr'>bello</span> 
     </span>
    </p>
   </div>
  </div>
 </body>
</html>
