1843 3166
709 220 853 254 Lmen
884 222 910 253 1.
1441 240 1452 261 ,
1463 240 1485 274 9

127 296 394 359 Lycurgum,
424 309 498 342 aut
523 296 725 343 Soldnem
751 300 1023 361 (quanquam
1056 302 1149 346 illos
1180 307 1354 364 quidem
1383 303 1483 352 cen-

126 383 268 422 seinus
297 380 340 422 in
367 395 550 421 numero
574 377 871 439 eloquentium
897 382 1215 443 reponendos),
1240 387 1366 429 scisse
1395 404 1483 432 me·

127 456 231 513 lius,
250 474 378 517 quam
400 444 663 518 Hyperisdem
687 469 762 502 aut
784 461 1143 518 Demosthenem,
1166 462 1378 522 perfectos
1393 467 1481 524 jam

125 537 323 625 hoyiines
354 537 634 610 inldicendo,
658 548 701 581 et
724 539 991 599 perpolitos:
1019 539 1084 583 vel
1112 551 1282 585 nostros
1311 542 1481 586 decem-

125 633 259 672 viros,
287 618 360 676 qui
385 605 475 660 ΧΙῘ
495 605 668 661 ⁸tabulas
698 620 1064 678 perscripserunt,
1088 637 1195 680 quos
1221 638 1395 665 necesse
1418 633 1482 667 est

122 695 252 739 fuisse
286 695 540 761 prudentess,
581 707 850 758 anteponant
895 699 937 741 in
976 699 1059 743 hoc
1101 717 1259 760 genere
1304 712 1346 745 et
1389 704 1478 746 Ser.

123 774 289 831 Galbae,
321 786 364 819 et
401 764 549 820 socero
581 787 657 820 tuo
693 759 933 835 C.'·“'Laelio,
961 795 1068 839 quos
1106 790 1277 825 constat
1306 781 1480 825 dicendi

122 854 259 917 gloria
277 857 536 917 praestitisse.
560 858 795 917 Nunquam
817 859 931 902 enim
951 847 1135 920 negabo,
1158 876 1248 904 esse
1270 861 1478 920 quasdam

122 945 234 980 artes
269 937 465 997 proprias
497 954 672 994 eorum,
714 938 788 997 qui
828 939 871 981 in
910 939 977 982 his
1009 928 1317 1000 cognoscendis
1352 951 1480 1001 atque

122 1016 356 1059 tractandis
389 1016 581 1060 studium
611 1034 737 1061 suum
764 1034 893 1062 omne
924 1029 1164 1079 posuerunt
1190 1037 1215 1082 :V
1233 1020 1307 1063 sed
1336 1030 1480 1064 orato-

120 1111 211 1139 rem
237 1095 414 1156 plenum
448 1107 578 1156 atque
613 1097 853 1157 perfectum
883 1114 973 1141 esse
1006 1115 1105 1141 eum
1138 1083 1298 1155 dieam,
1331 1099 1479 1159 quide

117 1176 320 1219 omnibus
343 1176 471 1220 rebus
495 1177 629 1236 possit
650 1178 766 1220 varie
789 1178 1048 1238 copioseque
1071 1177 1226 1222 dicere.

184 1258 304 1301 XIV.
343 1257 515 1300 Etenim
534 1273 643 1317 saepe
663 1258 706 1300 in
730 1258 780 1300 iis
802 1259 962 1313 causis,
981 1275 1086 1317 quas
1108 1275 1258 1301 omnes
1276 1261 1472 1319 proprias

118 1353 209 1380 esse
234 1346 458 1381 oratorum
480 1336 766 1392 confitentur,
786 1346 849 1380 est
871 1336 1055 1396 aliquid,
1075 1337 1190 1396 quod
1214 1354 1303 1380 non
1323 1354 1374 1381 ex
1396 1355 1477 1382 usu

117 1415 299 1471 forensi,
325 1431 455 1475 quem
483 1413 624 1458 solum
653 1415 902 1459 oratoribus
931 1415 1185 1471 conceditis,
1209 1415 1283 1459 sed
1307 1433 1358 1459 ex
1382 1417 1479 1460 obs-

118 1496 290 1539 curiore
323 1495 469 1555 aliqua
506 1496 684 1539 scientia
720 1496 776 1538 sit
811 1495 1102 1555 promendum
1136 1505 1266 1555 atque
1305 1512 1477 1539 sumen-

115 1574 234 1619 dum.

181 1656 343 1714 Quaero
386 1656 522 1712 enim,
552 1672 658 1699 num
688 1656 824 1715 possit
854 1665 930 1699 aut
960 1665 1112 1699 contra
1144 1657 1475 1715 imperatorem,

116 1745 191 1780 aut
212 1752 293 1796 pro
317 1737 579 1796 imperatore
601 1735 707 1791 dici,
731 1735 822 1778 sine
842 1735 904 1778 rei
924 1733 1123 1778 militaris
1144 1751 1247 1791 usu,
1269 1745 1346 1778 aut
1366 1752 1475 1795 saepe

116 1817 244 1859 etiam
268 1817 359 1860 sine
378 1817 605 1877 regionum
627 1814 898 1857 terrestrium
916 1824 992 1858 aut
1009 1816 1325 1857 maritimarum
1343 1815 1475 1858 scien-

116 1896 176 1940 tia
207 1911 217 1939 :
244 1913 349 1939 num
377 1895 494 1956 apud
524 1892 738 1955 populum
765 1893 817 1937 de
851 1893 1017 1954 legibus
1041 1893 1271 1953 jubendis,
1300 1903 1376 1936 aut
1407 1910 1476 1936 ve-

116 1977 256 2021 tandis
282 1994 290 2020 :
317 1994 422 2021 num
446 1978 490 2020 in
515 1986 666 2021 senatu
689 1978 742 2022 de
765 1976 883 2019 omni
905 1972 1154 2033 reipublicae
1178 1989 1334 2033 genere
1354 1970 1475 2033 [dici]

116 2058 208 2101 sine
238 2074 406 2101 summa
435 2074 579 2101 rerum
613 2057 805 2101 civilium
841 2054 1109 2114 cognitione,
1138 2061 1180 2096 et
1207 2052 1438 2112 prudentia
1463 2068 1472 2094 :

117 2154 222 2181 num
248 2137 467 2181 admoveri
497 2138 631 2197 possit
660 2138 798 2181 oratio
824 2135 879 2179 ad
906 2149 1054 2177 sensus
1079 2133 1324 2175 animorum
1349 2140 1477 2190 atque

118 2227 260 2261 motus
285 2216 352 2260 vel
380 2216 729 2272 inflammandos,
745 2215 812 2260 vel
833 2216 962 2259 etiam
989 2210 1325 2272 exstinguendos
1341 2209 1476 2270 (quod

118 2314 255 2341 unum
277 2297 319 2339 in
343 2307 513 2340 oratore
536 2295 824 2356 dominatur),
843 2297 932 2338 sine
957 2292 1280 2354 diligentissima
1307 2305 1477 2350 perves-

118 2377 322 2437 tigatione
348 2391 496 2418 earum
526 2378 721 2419 omnium
745 2375 984 2430 rationum,
1015 2389 1110 2432 quae
1137 2371 1188 2414 de
1209 2370 1375 2414 naturis
1402 2368 1476 2411 hu-

118 2457 232 2500 mani
251 2456 417 2516 generis
439 2471 487 2498 ac
507 2456 699 2499 moribus
725 2471 749 2497 a
776 2452 1043 2513 philosophis
1064 2450 1346 2511 explicantur.

178 2539 322 2595 Atque
341 2535 459 2579 haud
479 2536 585 2590 scio,
607 2551 661 2577 an
684 2536 826 2577 minus
846 2534 927 2576 hoc
948 2532 1069 2575 vobis
1090 2532 1169 2574 sim
1189 2529 1471 2588 probaturus.

117 2614 313 2674 equidem
334 2631 422 2657 non
442 2614 674 2668 dubitabo,
697 2611 813 2671 quod
833 2612 994 2665 sentio,
1016 2609 1170 2653 dicere.
1196 2608 1374 2666 Physica
1398 2608 1478 2648 ista

1203 2673 1225 2690 ¹)

1202 2692 1241 2702 au.
