1843 3166
751 198 893 231 LIBER
926 198 968 231 ιι.
1473 211 1541 244 119

180 300 311 337 nuni,
351 283 603 343 plerumque
646 280 905 323 infitiatione
941 280 1245 323 defenduntur.
1277 284 1385 324 Nain
1421 292 1459 324 et
1490 282 1541 324 de

181 365 373 423 pecuniis
406 361 681 422 repetundis,
719 376 813 420 quae
853 362 1047 403 maximae
1076 370 1199 415 sunt,
1234 362 1426 421 neganda
1459 362 1541 405 sere

180 454 279 486 sunt
304 443 472 497 omnia;
496 451 536 484 et
567 440 619 484 de
641 441 806 483 ambitu
836 457 932 483 raro
961 439 1066 482 illud
1089 440 1231 493 datur,
1262 451 1307 483 ut
1331 444 1464 500 possis
1495 441 1542 485 li-

180 522 448 566 beralitatem
477 538 525 565 ac
553 521 864 581 benignitatem
892 522 944 563 ab
971 521 1137 564 ambitu
1162 531 1291 581 atque
1319 521 1542 582 largitione

179 604 402 662 sejungere
417 617 428 655 3
446 601 498 644 de
517 602 700 655 sicariis,
723 600 775 643 de
791 600 1025 655 veneficiis,
1048 600 1100 644 de
1119 600 1341 660 peculatu,
1368 601 1541 644 infitiari

179 699 348 727 necesse
369 691 444 725 est.
471 681 519 724 Id
539 690 601 724 est
625 682 757 742 igitur
784 698 918 742 genus
945 682 1133 740 primum
1157 698 1386 725 causarum
1413 683 1453 725 in
1476 683 1543 742 ju·

179 762 323 818 diciis,
349 778 398 805 ex
419 762 714 805 controversia
737 761 848 804 facti.
880 763 929 804 In
952 760 1333 805 deliberationibus
1352 761 1542 822 plerum-

178 858 260 901 que
283 859 333 884 ex
359 842 516 896 futuri,
548 857 646 884 raro
671 842 799 884 etiam
829 858 879 884 ex
911 842 1129 895 instantis,
1156 851 1230 884 aut
1255 841 1366 885 facti.

243 924 361 982 Saepe
378 932 521 966 autem
544 940 608 965 res
629 939 737 977 non,
762 924 836 974 sit,
868 939 1022 974 necne,
1048 922 1118 965 sed
1134 922 1273 983 qualis
1289 924 1369 976 sit,
1391 924 1543 983 quaeri-

179 1014 249 1046 tur
270 1020 279 1046 ι
310 1013 356 1046 ut
386 1020 520 1063 quum
541 1005 588 1046 L.
607 1004 771 1063 Opimii
792 1020 966 1046 causam
991 1003 1245 1046 defendebat
1270 1003 1383 1063 apud
1407 1020 1542 1065 popu-

179 1083 285 1139 lum,
313 1083 513 1127 audiente
539 1100 626 1136 mc,
657 1086 704 1127 C.
727 1084 871 1128 Carbo
894 1082 1070 1137 consul,
1097 1082 1202 1126 nihil
1224 1084 1276 1127 de
1291 1088 1338 1127 (j.
1356 1085 1542 1128 Gracchi

181 1181 282 1207 nece
298 1165 500 1225 negabat,
526 1164 595 1207 sed
618 1164 659 1207 id
683 1166 801 1223 jure,
831 1181 908 1224 pro
926 1163 1061 1207 salute
1077 1166 1250 1224 patriae,
1279 1165 1438 1207 factum
1457 1181 1545 1208 esse¹

178 1245 367 1299 ‹licebat;
391 1255 435 1288 ut
450 1244 587 1288 eidem
598 1245 787 1288 Carboni
806 1245 983 1287 tribuno
1007 1243 1168 1303 plebis,
1192 1243 1274 1287 alia
1291 1255 1381 1287 tum
1405 1254 1545 1288 mente

177 1324 490 1385 rempublicam
514 1324 772 1384 capessenti,
800 1325 845 1367 Ρ.
875 1323 1104 1366 Africanus
1138 1323 1189 1366 de
1217 1324 1313 1366 Tib.
1342 1324 1546 1366 Graccho

178 1406 480 1465 interroganti,
500 1403 805 1464 responderat,
824 1405 921 1463 jure
941 1420 1096 1447 caesum
1119 1403 1266 1446 videri.
1283 1406 1386 1446 Jure
1404 1413 1545 1446 autem

177 1486 321 1529 omnia
345 1485 652 1541 defenduntur,
679 1501 774 1545 quae
800 1496 900 1528 sunt
919 1486 1010 1545 ejus
1033 1486 1221 1546 generiS,
1249 1496 1294 1528 ut
1322 1496 1395 1530 aut
1418 1500 1546 1545 opor-

176 1568 326 1622 tuerit,
349 1576 424 1610 aut
449 1565 638 1621 licuerit,
662 1576 737 1609 aut
753 1581 924 1609 necesse
947 1565 1076 1608 fuerit
1092 1601 1103 1622 ,
1129 1576 1203 1609 aut
1226 1567 1544 1627 imprudentia,

175 1658 250 1691 aut
277 1665 377 1692 casu
410 1649 518 1691 facta
545 1664 634 1690 esse
661 1647 901 1690 videantur.

238 1731 332 1771 Jam
363 1727 466 1787 quid
494 1737 689 1786 vocetur,
722 1728 946 1786 quaeritur,
976 1744 1134 1786 quum,
1162 1744 1250 1787 quo
1283 1728 1416 1770 verbo
1443 1726 1544 1786 quid

177 1808 483 1869 appellandum
499 1810 575 1861 sit,
596 1808 876 1851 contenditur
898 1826 905 1850 :
933 1819 979 1851 ut
1004 1808 1109 1852 inihi
1134 1810 1213 1868 ipsi
1237 1825 1334 1851 cum
1355 1807 1433 1850 hoc
1451 1805 1548 1850 Sul-

177 1892 291 1950 picio
315 1889 398 1932 fuit
420 1891 461 1931 in
490 1889 687 1932 Norbani
711 1904 837 1932 causa
867 1905 1035 1932 summa
1067 1890 1303 1932 contentio.
1336 1888 1547 1946 Pleraque

177 1973 289 2014 enim
318 1970 370 2012 de
397 1971 470 2023 iis,
494 1985 588 2028 quae
611 1970 664 2012 ab
685 1970 766 2012 isto
793 1969 1128 2027 objiciebantur,
1152 1985 1286 2027 quum
1303 1967 1546 2019 confiterer,

180 2062 320 2094 tamen
347 2051 400 2093 ab
432 2049 506 2093 illo
543 2050 809 2110 majestatem
846 2049 1055 2091 minutam
1093 2048 1303 2107 negabam
1339 2065 1346 2089 ;
1379 2063 1428 2089 ex
1460 2061 1547 2105 quo

179 2131 327 2183 verbo,
354 2129 445 2190 lege
475 2128 678 2190 Apuleia,
704 2138 794 2172 tota
820 2127 891 2171 illa
916 2145 1045 2172 causa
1071 2128 1298 2188 pendebat.

242 2214 383 2271 Atque
409 2212 452 2253 in
480 2211 563 2254 hoc
590 2226 742 2271 genere
777 2226 1005 2252 causarum
1039 2207 1237 2251 nonnulli
1269 2209 1546 2268 praecipiunt,

179 2303 225 2337 ut
252 2292 426 2335 verbum
458 2290 589 2344 illud,
615 2290 732 2351 quod
757 2306 930 2334 causam
957 2289 1085 2343 facit,
1112 2288 1252 2332 lucide
1274 2288 1547 2347 breviterque

178 2373 367 2417 definiat.
383 2371 516 2429 Quod
539 2372 644 2415 mihi
664 2370 838 2431 quidem
859 2385 1067 2430 perquam
1084 2367 1249 2429 puerile
1269 2367 1403 2412 videri
1424 2367 1543 2413 solet.

178 2453 272 2498 Alia
296 2463 357 2497 est
383 2453 520 2507 enim,
559 2469 693 2512 quum
727 2453 840 2494 inter
880 2450 1029 2494 doctos
1056 2451 1252 2494 homines
1286 2449 1337 2492 de
1366 2451 1417 2491 iis
1445 2450 1545 2508 ipsis

178 2536 325 2589 rebus,
349 2551 444 2595 quae
471 2543 698 2576 versantur
727 2534 770 2575 in
803 2532 988 2585 artibus,
1013 2531 1277 2590 disputatur,
1315 2530 1541 2572 verborum

178 2615 372 2659 definitio
396 2632 403 2657 ε
430 2623 497 2669 ut,
523 2629 655 2672 quum
679 2613 902 2671 quaeritur,
931 2610 1035 2670 quid
1056 2612 1108 2654 sit
1127 2628 1219 2666 ars,
1243 2609 1346 2670 quid
1371 2610 1423 2652 sit
1451 2608 1511 2653 lez
1530 2647 1539 2661 ,
