1843 3166
359 211 404 245 [m
883 203 946 238 HF„
975 204 1040 237 ΟΒ
1051 201 1214 236 ΑΤΟΒΕ

357 304 449 347 tur,
487 291 623 350 Cujus
647 291 852 353 pecunia·
884 288 977 332 dies
1000 287 1196 345 sinssvsel?
1233 283 1348 344 quod
1378 281 1573 342 petitoris
1598 295 1723 322 causa

359 381 658 434 comparatum
692 386 781 413 csse
823 386 907 411 uon
946 366 1210 427 intelligebat
1240 383 1247 408 :
1285 374 1332 408 ut
1359 365 1393 407 si
1422 361 1493 405 ille
1521 359 1726 403 infitiator

361 454 583 515 probasset
606 452 762 513 judici,
777 460 877 494 ante
897 450 1073 510 petitam
1095 464 1184 491 csse
1201 446 1453 507 pecuniam,
1470 458 1599 503 quam
1618 451 1729 484 esset

361 545 503 596 coepta
527 533 693 589 deberi,
721 533 893 593 petitor,
925 546 1074 573 rursus
1104 545 1239 588 quum
1263 535 1448 587 peteret,
1474 524 1728 584 exceptione

362 615 686 665 excluderetur,
720 612 857 671 Quod
884 628 935 655 ea
962 626 1030 654 res
1055 614 1099 652 in
1116 608 1339 668 judiciam
1370 617 1499 651 antea
1529 606 1729 649 venissel.

428 694 547 752 Quid
581 710 684 754 crgo
724 693 807 736 boc.
834 691 924 735 ficri
962 690 1150 750 turpius,
1186 698 1261 732 aut
1294 687 1378 731 dici
1414 696 1574 747 potest,
1602 702 1731 745 quam

365 793 484 832 cum,
501 776 575 835 qui
595 775 705 817 hauc
725 789 953 834 personam
968 770 1200 830 susceperit
1216 804 1225 825 ,
1243 779 1290 812 ut
1305 768 1545 813 amicorum
1562 776 1735 810 contro-

368 857 525 899 versias
545 870 783 913 causasque
808 863 997 908 tueatur,
1021 850 1320 894 laborantibus
1347 856 1595 905 succurrat,
1612 847 1736 907 aegris

368 935 607 991 medeatur,
634 934 818 978 afflictos
843 934 1019 989 excitet3
1050 933 1168 975 hune
1187 932 1230 974 in
1249 930 1440 974 minimis
1457 928 1739 972 tenuissimis-

369 1033 453 1075 que
471 1016 599 1059 rebus
625 1016 681 1058 ita
711 1014 823 1069 labi,
864 1023 911 1056 ut
937 1013 1030 1055 aliis
1058 1012 1359 1067 miserandus,
1382 1009 1476 1053 aliis
1497 1008 1740 1053 irridendus

369 1113 460 1139 esse
484 1094 707 1138 videatur?

434 1174 649 1235 Equidem
682 1174 978 1234 propinquum
1017 1181 1244 1227 nostrum,
1278 1174 1323 1214 P.
1355 1172 1585 1226 Crassum,
1621 1169 1744 1213 illum

374 1257 583 1311 Divitem,
609 1271 745 1314 quum
768 1253 919 1297 multis
940 1252 1034 1296 aliis
1052 1254 1094 1295 in
1110 1253 1239 1296 rebus
1260 1251 1501 1312 elegantem
1523 1251 1744 1295 hominem

374 1347 416 1380 et
445 1346 669 1391 ornatum,
699 1344 792 1377 tum
818 1334 1036 1394 praecipue
1067 1334 1109 1375 in
1135 1333 1218 1375 hoc
1245 1332 1469 1375 ferendum
1497 1341 1540 1375 et
1568 1330 1747 1375 laudan-

376 1417 481 1460 dum
504 1426 632 1477 puto,
660 1415 798 1475 quod,
820 1431 956 1475 quum
986 1416 1030 1458 P.
1059 1412 1260 1457 Scaevolae
1286 1413 1419 1457 frater
1448 1422 1576 1469 esset,
1598 1411 1750 1456 solitus

377 1507 440 1541 est
483 1498 520 1540 ei
553 1513 744 1557 persaepe
781 1497 946 1551 dicere,
988 1512 1129 1555 neque
1167 1494 1289 1537 illum
1319 1496 1364 1537 in
1384 1494 1482 1554 jure
1507 1493 1624 1537 civili
1649 1494 1750 1537 satis

380 1576 465 1639 silli
489 1575 595 1639 arti]
626 1577 762 1620 facere
779 1593 923 1637 posse,
955 1577 1034 1619 uisi
1057 1574 1227 1618 dicendi
1252 1576 1422 1635 copiam
1454 1575 1753 1633 assumpsisset

375 1657 527 1717 &quod
563 1656 739 1717 quidem
773 1657 865 1711 bic,
895 1656 970 1716 qui
1001 1671 1171 1698 mecum
1195 1654 1348 1698 consul
1378 1655 1478 1712 fuit,
1499 1653 1613 1698 filius
1637 1654 1754 1714 ejus,

381 1747 444 1781 est
470 1738 750 1797 consecutus)
784 1755 793 1781 :
830 1754 971 1797 neque
996 1754 1039 1780 se
1064 1745 1164 1780 ante
1192 1752 1343 1780 causas
1372 1737 1613 1779 amicorum
1640 1744 1754 1780 trac-

385 1829 475 1862 tare
496 1828 628 1879 atque
654 1835 780 1880 agere
807 1819 1010 1879 coepisse,
1037 1833 1167 1877 quam
1192 1818 1262 1878 jus
1292 1816 1417 1861 civile
1440 1816 1672 1861 didicisset.

446 1899 569 1956 Quid
598 1916 702 1943 vero
737 1898 810 1943 ille
840 1901 903 1944 M.
934 1898 1072 1944 Cato?
1100 1915 1246 1942 nonne
1281 1908 1323 1942 et
1353 1897 1603 1958 eloquentia
1636 1908 1759 1942 tanta

386 1982 486 2037 fuit,
515 1989 725 2041 quantam
754 1979 829 2024 illa
854 1991 1071 2041 tempora,
1101 1991 1232 2040 atque
1260 1979 1333 2023 illa
1360 1989 1461 2023 aetas
1483 1981 1527 2023 in
1549 1979 1630 2023 hae
1653 1980 1761 2024 civi-

386 2071 473 2106 tate
498 2062 611 2105 ferre
636 2063 869 2105 maximam
899 2062 1063 2121 potuit,
1086 2071 1128 2105 et
1151 2062 1261 2122 juris
1286 2060 1425 2105 civilis
1456 2061 1654 2104 omnium
1684 2077 1760 2121 pe-

388 2142 646 2186 ritissimus?
683 2141 986 2186 Verecundius
1011 2143 1093 2186 hac
1128 2143 1179 2187 de
1219 2159 1265 2186 re
1289 2141 1548 2204 jamdudum
1586 2141 1762 2202 loquor,

389 2222 508 2284 quod
524 2223 643 2267 adest
658 2224 723 2267 vir
745 2224 790 2266 in
806 2223 991 2267 dicendo
1015 2240 1234 2280 summus,
1255 2240 1385 2285 quem
1408 2240 1489 2284 ego
1516 2239 1655 2267 unum
1673 2239 1763 2266 ora-

391 2314 530 2347 torem
553 2305 738 2347 maxime
767 2303 978 2360 admiror3
1005 2304 1078 2349 sed
1104 2315 1248 2349 tamen
1274 2305 1388 2349 idem
1408 2305 1490 2350 boc
1510 2321 1679 2365 semper
1694 2305 1766 2366 jus

391 2384 516 2429 civile
543 2387 819 2446 contempsit.

458 2467 647 2522 Verum,
673 2467 881 2526 quoniam
911 2468 1137 2511 sententiae
1165 2477 1295 2528 atque
1315 2470 1533 2530 opinionis
1561 2485 1666 2513 meae
1692 2485 1768 2512 vo-

395 2545 534 2591 luistis
561 2564 652 2591 esse
677 2548 930 2608 participes,
955 2549 1064 2593 nihil
1086 2549 1336 2607 occultabo,
1362 2560 1404 2594 et
1425 2550 1567 2610 quoad
1593 2559 1766 2610 potero-

399 2628 517 2671 vobis
551 2644 789 2690 exponam,
825 2629 932 2689 quid
969 2629 1023 2673 de
1059 2648 1232 2691 quaque
1274 2648 1320 2675 re
1357 2631 1550 2674 sentiam.
1585 2631 1765 2675 Antonii
