1843 3166
310 197 377 239 294
818 192 880 226 DE
911 193 1157 228 ORATORE.

306 265 546 301 meminissem
574 266 793 313 jampridem
825 267 873 302 ita
897 280 916 302 a
946 269 1005 303 Fr.
1027 270 1202 303 Duareno
1228 281 1303 304 esse
1334 271 1578 307 emendatum.
1604 274 1665 310 Est

307 335 430 362 autem
449 328 561 362 cretio
587 326 643 376 (ut
670 328 778 362 docet
806 329 1010 375 Ulpianus,
1037 330 1089 364 tit.
1113 341 1181 374 223
1200 330 1381 375 Isidorus,
1408 331 1432 366 l.
1458 344 1502 375 v;
1527 334 1667 378 Varro,

307 390 328 423 l.
357 401 398 432 v,
425 389 472 422 de
493 390 641 436 Lingua
671 391 814 433 l‹1!1>1(1,·
841 391 992 434 Cicero,
1024 392 1044 425 l.
1074 404 1164 431 x111,
1186 393 1300 438 Epist.
1327 397 1370 433 44
1404 393 1458 426 ad
1485 394 1670 443 Atticum)

307 457 490 484 certorum
512 450 655 485 dierum
683 451 862 496 spatium,
887 451 991 498 quod
1012 452 1122 486 datur
1141 453 1278 487 haeredi
1299 453 1344 487 ad
1365 453 1645 490 deliberandum
1661 483 1670 499 ,

307 518 430 545 utrum
454 511 625 557 expediat
655 512 756 546 adire
785 513 1051 556 haereditatem,
1072 526 1205 558 necne,
1226 515 1325 548 velut
1356 527 1362 548 :
1391 514 1532 550 «Filius
1556 516 1670 551 haeres

306 578 404 614 esto,
432 571 648 618 cernitoque
672 573 920 607 haereditatem
950 574 987 607 in
1014 574 1147 609 diebus
1183 582 1327 609 centum
1358 575 1555 621 proximis,
1581 576 1668 622 qui—

306 632 374 666 bus
394 632 533 675 scieris,
555 633 790 679 poterisqu03
820 634 889 668 nisi
913 635 962 669 ita
992 635 1164 679 creveris,
1190 636 1350 669 exliaeres
1375 643 1464 670 esto.
1487 652 1501 667 »
1527 637 1671 671 Linam-

307 704 387 726 nus.
410 713 461 718 —
480 693 542 726 Est
571 700 693 727 autem
728 706 894 737 cernere,
923 707 1000 728 non
1028 695 1142 729 modo
1169 695 1393 731 constituere
1421 709 1457 732 se
1486 697 1670 732 haeredem

305 764 381 787 esse
395 750 452 799 (ut
472 754 611 796 Varro,
633 753 654 785 1.
677 765 731 796 vx,
749 754 795 786 (le
806 755 952 800 Lingua
972 756 1110 797 latina,
1133 754 1323 803 explicat),
1338 768 1466 791 verum
1491 757 1597 792 etiam
1612 758 1667 792 le-

305 812 429 859 gitima
453 812 623 847 cretionis
642 813 756 847 verba
776 813 919 858 dicere,
939 814 1037 848 hunc
1058 814 1095 848 in
1119 815 1273 849 modum
1294 828 1301 849 :
1322 832 1335 846 «
1359 818 1484 860 Quum
1502 830 1560 852 me
1574 819 1668 852 Mae-

305 872 387 906 nius
406 873 584 907 haeredem
606 873 824 917 instituerit,
850 885 929 908 eam
953 875 1201 909 haereditatem
1222 888 1346 910 cerno.
1364 892 1378 907 »
1398 876 1581 923 Adeoque
1602 879 1671 913 Ul-

304 934 436 979 pianus
450 961 459 977 ‚
481 946 570 968 xxx1
585 962 594 979 ,
614 936 719 968 cretio
741 936 883 981 dupleoe
905 949 915 968 .·
937 937 1121 983 vulgaris,
1150 937 1188 970 in
1214 949 1288 984 qua
1307 937 1578 983 adjiciebantur
1596 938 1671 972 haec

306 995 419 1028 verba
443 1007 451 1028 :
472 994 599 1041 quibus
620 996 744 1029 scieris
770 997 1003 1043 poterc'sque5
1035 999 1205 1032 contiuua
1217 1024 1228 1040 ,
1249 998 1287 1032 in
1318 1010 1392 1045 qua
1410 1010 1487 1032 non
1514 998 1669 1045 adjicie-

304 1054 450 1088 bantur.
483 1055 590 1090 Unde
614 1055 669 1090 his
699 1055 839 1099 verbis,
862 1057 988 1103 quibus
1018 1058 1143 1092 scieris
1165 1059 1392 1105 poterisque,
1422 1065 1566 1105 tempus
1596 1060 1669 1094 ho·-

303 1127 437 1148 norum
473 1128 628 1162 possess.
673 1116 909 1151 admittendae
937 1118 1044 1162 utile„
1082 1130 1150 1153 nec
1187 1119 1405 1153 continuum
1441 1119 1669 1163 ostenditur,

302 1174 364 1209 lib.
395 1188 445 1219 11,
476 1175 517 1210 ff.
546 1177 628 1223 quis
659 1178 749 1211 ordo
778 1178 814 1211 iu
846 1178 1018 1213 bonorum
1035 1181 1280 1226 possessione.
1301 1181 1594 1215 GOTBOFREDUS.
1619 1202 1671 1207 ——-

302 1236 401 1270 Vera
425 1236 535 1271 lectio
555 1237 625 1271 fuit
645 1239 924 1274 conditionibus.
946 1240 1050 1284 Quid
1065 1241 1162 1274 enim
1182 1248 1234 1275 est
1253 1241 1301 1275 ad
1319 1242 1492 1276 cretc'ones
1512 1241 1670 1276 formula

303 1296 377 1330 haec
408 1310 415 1331 ;
439 1298 484 1331 cle
506 1298 549 1330 iis
577 1298 682 1332 rebus
701 1299 827 1345 quibus
845 1301 968 1334 scieris
989 1302 1234 1348 poterisque?
1258 1302 1348 1345 Quae
1376 1301 1454 1348 ipsa
1479 1301 1517 1336 in
1542 1302 1670 1336 condi-

303 1356 457 1390 tionibus
479 1357 664 1402 aptissima
685 1366 749 1393 est.
770 1361 815 1394 Et
841 1361 998 1394 verbum
1024 1363 1205 1404 conditio,
1235 1362 1344 1397 etiam
1369 1362 1570 1408 juridicum
1593 1369 1668 1405 est3

303 1416 405 1461 quod
434 1416 574 1451 indicat
597 1417 688 1451 illud
721 1431 800 1465 cap.
821 1420 913 1464 juris
935 1434 941 1454 :
965 1422 1011 1455 de
1036 1423 1300 1469 conditionibus
1323 1431 1359 1456 et
1380 1424 1669 1457 demonstratio-

301 1476 415 1510 nibus.
441 1477 487 1510 Et
507 1477 704 1527 lectionem
722 1479 906 1524 priorem,
932 1493 1043 1526 quam
1064 1482 1263 1516 Lambinus
1283 1482 1390 1527 ejecit
1403 1510 1412 1526 ‚
1433 1490 1559 1517 tuetur
1583 1496 1669 1517 ver--

299 1535 390 1568 bum
409 1537 648 1577 conditionis,
686 1550 763 1582 quo
790 1551 879 1572 mox
904 1540 1022 1573 utitur
1049 1542 1198 1575 Crassus
1230 1555 1237 1575 :
1260 1558 1273 1572 «
1297 1544 1377 1576 Jam
1397 1555 1506 1587 vero,
1527 1543 1668 1590 inquit,

299 1594 366 1629 ista
386 1595 620 1639 conditione,
641 1596 730 1629 dum
752 1597 841 1630 mihi
862 1597 969 1632 liceat
987 1611 1124 1645 negare
1150 1613 1258 1645 posse
1285 1603 1388 1647 quod
1407 1616 1485 1637 non
1510 1611 1666 1650 poter0‚

299 1662 335 1689 et
362 1655 468 1689 fateri
494 1655 655 1699 nescire,
676 1657 781 1702 quod
802 1657 983 1701 nesciam,
1005 1659 1089 1692 licet
1107 1667 1232 1694 vestro
1252 1662 1436 1697 arbitratu
1464 1671 1667 1709 perconte—

300 1714 401 1749 mini.
424 1731 438 1746 »
470 1716 515 1750 Et
542 1728 626 1750 sane
659 1730 739 1763 quae
760 1718 832 1752 huc
858 1718 966 1753 affert
996 1719 1196 1754 Lambinus
1222 1721 1266 1755 de
1293 1722 1522 1758 cretionibus
1546 1724 1665 1760 haere-

301 1775 481 1821 ditatum,
511 1776 647 1811 scilicet
674 1778 810 1812 haeredi
839 1780 1059 1814 cernendam
1090 1793 1164 1814 esse
1192 1781 1440 1818 haereditatem
1470 1783 1508 1818 in
1536 1784 1667 1820 diebus

302 1844 449 1870 centum
472 1837 671 1883 proximis,
693 1840 830 1886 quibus
844 1840 977 1884 scierit,
988 1841 1311 1888 poteritque‚non
1333 1845 1441 1879 valde
1460 1845 1534 1879 huc
1545 1845 1664 1892 perti-

298 1904 398 1931 nent.
426 1898 556 1945 Neque
584 1899 698 1943 enim,
723 1908 922 1947 postquam
943 1901 1089 1936 sciverit
1120 1903 1202 1949 quis
1234 1905 1457 1940 cernendam
1489 1918 1564 1940 esse
1589 1907 1663 1941 hae—

298 1956 506 2001 reditatem,
527 1960 682 2006 amplius
707 1960 816 1995 datur
835 1962 1030 2008 temporis,
1049 1964 1185 2009 possit,
1204 1977 1320 1999 necne
1339 1965 1465 2012 possit.
1483 1968 1662 2002 Praeterea

298 2028 375 2051 non
401 2017 500 2052 idem
522 2026 575 2053 est
592 2021 682 2054 scire
702 2020 740 2054 in
762 2022 927 2066 haerede,
947 2029 982 2057 et
1000 2025 1094 2058 scire
1112 2024 1150 2058 in
1176 2026 1316 2060 Crasso.
1341 2027 1434 2060 Nam
1456 2026 1492 2060 in
1517 2027 1662 2062 haerede

297 2078 389 2111 scire
408 2085 460 2112 est
485 2080 640 2123 rescire,
664 2082 799 2116 certior
817 2081 918 2126 fieri·;
941 2091 977 2117 at
995 2084 1056 2119 hic
1075 2085 1223 2120 Crassus
1244 2097 1252 2119 τ
1273 2087 1358 2121 «De
1383 2086 1425 2121 iis
1444 2088 1576 2132 rebus,
1600 2087 1660 2122 in—

297 2136 395 2181 quit,
409 2138 545 2184 quibus
563 2140 673 2174 sciam
691 2149 919 2189 poteroque;
934 2144 972 2178 id
992 2152 1061 2189 est,
1081 2146 1128 2180 de
1147 2146 1205 2191 iis,
1227 2159 1307 2193 quae
1327 2159 1396 2194 ego
1417 2147 1658 2196 intelligam.»

296 2198 674 2236 ANONYMUS.-—Vide
688 2204 818 2237 GAIUM
829 2231 838 2248 ,
852 2207 937 2239 Iszst.
954 2232 965 2248 ‚
981 2206 1174 2242 Commeat.
1192 2220 1223 2241 11
1237 2235 1245 2251 ,
1264 2211 1281 2252 S
1306 2208 1417 2250 164-1
1428 2222 1475 2256 79
1489 2236 1499 2254 ,
1518 2210 1565 2244 de
1575 2210 1658 2244 ἤιε-

297 2258 373 2292 red.
403 2260 528 2306 qualit.
549 2269 585 2295 et
609 2262 735 2307 tt't'JJer.

347 2319 614 2365 Peripateticus
644 2323 803 2359 Staseas.
826 2327 984 2370 Staseas,
1006 2329 1125 2374 patria
1142 2330 1427 2376 Neapolitanus,
1440 2331 1576 2366 multos
1595 2343 1657 2366 an-

296 2391 363 2413 nos
386 2380 455 2414 fuit
474 2382 574 2427 apud
604 2384 655 2417 M.
683 2385 869 2430 Pisonem3
889 2388 1024 2423 nobilis
1052 2401 1138 2424 sane
1156 2391 1439 2437 peripateticus,
1460 2399 1502 2426 ut
1528 2392 1578 2427 ait
1599 2393 1655 2428 Ci-

296 2451 400 2485 cero,
423 2441 486 2476 lib.
508 2455 530 2476 v
555 2444 601 2477 de
620 2445 779 2481 Finibus.
806 2449 861 2483 De
887 2461 964 2496 quo
985 2450 1035 2484 M.
1063 2450 1213 2497 Pisone,
1233 2453 1313 2501 lege
1337 2454 1444 2500 plura
1471 2454 1571 2500 apud
1595 2455 1654 2489 Ci-

296 2513 467 2536 ceronem
486 2502 525 2536 in
543 2504 669 2539 Bruto.

347 2563 432 2596 cst.
453 2564 594 2599 XXIV.
618 2566 702 2600 Non
722 2568 798 2613 ipse
817 2571 960 2618 aliquid
979 2585 1003 2606 α
1023 2586 1080 2608 mc
1096 2575 1336 2620 prompsisse.
1355 2575 1407 2608 An
1435 2587 1510 2610 non
1528 2582 1563 2610 et
1584 2575 1649 2622 qui
