1843 3166
308 233 318 253 1
334 221 376 253 18
836 222 900 255 DE
931 223 1174 256 ORATORE

304 304 481 359 volunt,
508 317 555 350 ut
586 316 677 350 toto
710 307 803 350 soro
825 306 1031 362 volitare,
1064 318 1103 350 rt
1137 325 1158 350 a
1184 324 1309 350 causa
1341 307 1394 349 ad
1428 321 1603 348 causan]
1633 305 1694 347 ire.

303 386 548 443 videantur,
566 404 716 432 causas
732 387 884 432 dicunt
900 390 1159 449 incognitas.
1177 392 1226 432 In
1242 404 1329 447 quo
1345 398 1409 430 cst
1428 386 1500 430 illa
1516 386 1691 446 quidem

305 484 459 529 inagna
493 469 704 524 offensio,
748 468 813 512 vel
851 468 1145 530 negligentiae,
1186 469 1394 528 susceptis
1432 468 1583 523 rebus3
1622 466 1689 510 vel

301 550 518 611 perfidiae,
547 552 757 611 receptis3
787 550 859 595 sed
885 552 1016 595 etiam
1046 549 1116 593 illa
1146 551 1286 610 major
1311 550 1544 609 opinione,
1574 548 1690 609 qnod

301 649 428 675 nenio
457 642 600 693 potest
628 633 680 676 de
706 649 755 676 ea
783 649 852 688 re,
881 649 1012 692 quam
1039 648 1127 675 non
1150 632 1291 685 novit,
1324 647 1412 673 non
1436 631 1688 690 turpissime

301 713 456 757 (licere.
482 715 549 758 Ita
574 714 680 758 (lum
708 715 872 757 inertiae
898 714 1288 773 vituperationem,
1315 728 1410 771 quae
1432 711 1573 770 major
1599 721 1688 764 est,

299 804 616 851 contemnunt,
647 804 941 854 assequuntur
965 795 1095 837 etiam
1122 792 1260 849 illam,
1286 807 1418 851 quam
1444 793 1582 852 magis
1607 793 1689 852 ipsi

301 875 504 936 fugiunt,
535 876 764 920 tarditatis.

364 956 583 1016 Equidem
614 956 731 1000 soleo
752 957 856 1001 (lare
876 974 1075 1017 operam,
1101 968 1151 1000 ut
1175 957 1227 1000 de
1251 973 1328 1000 sua
1349 957 1533 1016 quisquc
1560 971 1605 998 re
1623 971 1690 998 me

299 1038 391 1096 ipse
421 1036 598 1089 doceat,
627 1046 688 1091 et,
718 1047 767 1079 ut
794 1053 848 1080 ne
868 1036 1098 1097 quisalius
1125 1036 1261 1091 adsit,
1295 1053 1383 1095 quo
1411 1036 1591 1079 liberius
1621 1034 1685 1078 lo-

298 1126 475 1176 quatur,
514 1127 556 1160 et
585 1133 712 1178 agere
736 1117 975 1160 adversarii
1000 1133 1200 1172 causam,
1232 1126 1280 1159 ut
1306 1115 1377 1159 ille
1408 1126 1507 1176 agat
1535 1133 1657 1159 suam
1677 1150 1688 1172 ,

298 1208 358 1253 et,
386 1197 600 1258 quidquid
635 1198 688 1242 de
725 1215 801 1242 sua
832 1216 878 1242 re
912 1199 1142 1260 cogitarit,
1175 1199 1220 1241 in
1258 1197 1454 1241 medium
1479 1197 1689 1258 proferat.

301 1281 452 1337 [taque
477 1295 614 1338 quum
643 1278 714 1322 ille
740 1278 960 1334 discessit,
991 1289 1077 1322 tres
1112 1295 1319 1339 personas
1349 1295 1462 1322 unus
1494 1279 1688 1322 sustineo

300 1375 468 1402 sulmna
491 1360 627 1402 animi
655 1361 881 1422 aequitate,
910 1377 1075 1416 meam,
1103 1359 1365 1412 adversarii,
1393 1359 1569 1419 judicis.
1597 1360 1686 1416 Qui

302 1437 421 1482 locus
444 1448 508 1482 est
533 1438 652 1495 talis,
685 1439 851 1500 utplus
875 1441 1032 1483 habeat
1066 1439 1334 1500 adjumenti,
1367 1456 1500 1500 quam
1524 1441 1690 1483 incom-

303 1520 439 1575 modi,
466 1520 585 1563 hunc
605 1519 757 1580 judico
779 1538 870 1564 esse
892 1521 1157 1576 dicendum3
1185 1521 1257 1564 ubi
1284 1520 1381 1581 plus
1403 1520 1529 1577 mali,
1555 1538 1688 1581 quam

303 1600 404 1643 boni
428 1601 598 1659 reperio
616 1633 627 1653 ,
657 1600 700 1642 id
729 1610 872 1644 totum
900 1601 1104 1660 abjudico
1130 1611 1261 1660 atque
1284 1602 1423 1661 ejicio.

363 1682 429 1723 Ita
448 1696 671 1740 assequor,
698 1691 747 1725 ut
762 1681 847 1725 alio
868 1692 1067 1742 tempore
1091 1683 1305 1742 cogitem,
1329 1683 1436 1743 quid
1455 1683 1598 1726 dicam
1613 1718 1624 1737 ,
1648 1694 1690 1727 et

303 1759 386 1804 alio
409 1760 552 1805 dicam
574 1779 582 1804 :
607 1779 703 1822 quae
728 1762 816 1806 duo
846 1761 1043 1823 plerique
1060 1797 1070 1815 ,
1103 1763 1279 1823 ingenio
1308 1763 1432 1819 freti,
1466 1763 1596 1807 simul
1627 1763 1690 1807 fa-

302 1841 442 1897 ciunt3
474 1842 548 1886 sed
576 1853 694 1886 certe
728 1843 858 1886 iidem
887 1842 948 1887 illi
974 1842 1129 1887 melius
1161 1842 1386 1903 aliquanto
1410 1844 1625 1900 dicerent,
1657 1845 1691 1888 si

303 1920 421 1965 aliud
450 1922 713 1966 sumendum
746 1924 828 1966 sibi
865 1934 1038 1984 tempus
1065 1924 1119 1967 ad
1151 1923 1455 1984 cogitandum,
1486 1923 1606 1967 aliud
1638 1924 1690 1967 ad

304 2002 537 2047 dicendum
568 2014 788 2064 putarent.
817 2005 971 2061 Quum
1005 2022 1097 2048 rem
1127 2006 1302 2065 penitus
1329 2021 1593 2065 causamque
1620 2022 1692 2049 co-

305 2084 436 2143 gnovi
453 2117 464 2138 ,
494 2085 639 2127 statim
665 2086 859 2127 occurrit
882 2086 1029 2128 animo
1045 2120 1056 2138 ,
1087 2102 1182 2145 quae
1206 2086 1261 2128 sit
1290 2102 1418 2128 causa
1446 2086 1656 2147 ambigui.

370 2163 489 2207 Nihil
505 2174 569 2207 est
591 2166 727 2221 enim,
755 2164 874 2224 quod
892 2166 1006 2209 inter
1026 2166 1227 2209 homines
1243 2166 1507 2225 ambigatur,
1533 2167 1622 2209 sive
1643 2183 1693 2210 ex

306 2244 488 2287 crimine
508 2261 639 2287 causa
661 2254 851 2298 constet,
880 2255 928 2288 ut
947 2245 1174 2302 facinoris,
1203 2246 1291 2289 sive
1307 2262 1355 2288 ex
1373 2248 1691 2298 controversia,

307 2334 357 2368 ut
390 2325 664 2380 hereditatis,
702 2326 790 2368 sive
825 2343 877 2370 ex
911 2325 1246 2383 deliberatione,
1289 2336 1337 2369 ut
1366 2326 1486 2383 belli,
1522 2328 1612 2370 sive
1641 2345 1689 2370 ex

307 2421 515 2465 persona,
543 2414 591 2448 ut
618 2405 780 2461 laudis,
812 2408 899 2450 sive
929 2424 980 2450 ex
1010 2407 1327 2468 disputatione,
1360 2418 1410 2451 ut
1444 2408 1496 2451 de
1522 2409 1691 2452 ratione

308 2486 503 2540 vivendi3
528 2486 572 2528 in
600 2502 688 2545 quo
717 2504 825 2543 non,
860 2498 936 2530 aut
964 2488 1070 2547 quid
1093 2488 1259 2531 factum
1285 2489 1360 2544 sit,
1390 2497 1466 2531 aut
1487 2487 1582 2544 fiat,
1620 2488 1689 2532 fu-

307 2575 512 2609 turumve
539 2567 618 2615 sit,
648 2577 884 2626 quaeratur,
908 2578 984 2611 aut
1011 2568 1140 2628 quale
1161 2570 1236 2619 sit,
1266 2579 1341 2611 ant
1368 2568 1474 2628 quid
1495 2579 1688 2612 vocetur.

370 2649 509 2691 XXV.
549 2649 613 2691 Ac
638 2657 798 2691 nostrae
813 2649 900 2691 sere
919 2665 1078 2701 causae,
1109 2666 1205 2707 quae
1226 2649 1401 2708 quidem
1424 2659 1524 2691 sunt
1543 2650 1689 2693 erimi-
