1843 3166
685 294 825 327 LIBER
860 296 884 328 1.
1414 314 1453 334 ,Η

103 378 380 421 circumcidat
401 387 530 436 atque
550 387 743 437 amputet
768 395 776 420 :
803 388 946 422 tamen
968 378 1070 421 illud
1095 381 1267 435 tenebo,
1291 383 1346 436 si,
1369 400 1460 442 quae

104 459 253 501 ceteris
280 459 321 500 in
354 457 520 500 artibus
553 467 627 500 aut
657 457 809 500 studiis
836 459 913 501 sita
945 468 1068 512 sunt,
1099 469 1246 503 orator
1272 461 1462 520 ignoret,

104 546 360 596 tantumque
379 553 427 580 ea
447 547 610 591 teneat,
631 554 726 597 quae
753 539 837 581 sint
864 539 906 581 in
929 538 1313 598 disceptationibus
1336 550 1463 600 atque

103 619 144 659 in
173 633 253 659 usu
280 616 461 670 forensi3
489 627 632 660 tamen
661 618 724 661 his
752 617 804 661 de
830 619 956 661 rebus
977 619 1079 679 ipsis
1105 619 1137 661 si
1166 619 1219 662 sit
1251 620 1287 662 ei
1315 619 1462 663 dicen-

103 697 228 751 dum,
252 713 388 756 quum
419 699 671 757 cognoverit
698 698 752 741 ab
780 699 848 754 iis,
881 700 954 758 qui
983 708 1152 754 tenent,
1184 716 1279 760 quae
1314 701 1399 743 sint
1424 701 1462 743 in

102 793 272 837 quaque
307 794 372 836 re3
403 777 543 821 multo
578 788 795 822 oratorem
826 777 1003 833 melius,
1035 796 1164 838 quam
1199 781 1314 839 ipsos
1349 779 1465 836 illos,

103 868 307 916 quoium·
302 848 374 900 eae
401 868 501 900 sunt
527 868 663 913 artes,
691 875 781 902 esse
805 858 1036 902 dicturum.
1090 886 1097 897 ι
1115 916 1119 919 χ
1136 893 1157 917 „⁴
1191 894 1196 907 ,,
1221 894 1225 901 2
1262 883 1277 904 c

164 938 227 979 Ita
268 939 300 979 si
337 936 389 979 de
426 953 471 979 re
509 936 682 980 militari
723 937 953 981 dicendum
993 929 1095 982 huic
1137 941 1214 982 erit
1255 911 1466 999 Sulpicio,

102 1026 261 1074 quaeret
298 1034 319 1060 a
355 1019 580 1061 C.Ma1i0
607 1017 725 1060 affini
756 1026 935 1074 nostrsso
944 1013 1034 1074 ⁷et
1063 1036 1197 1078 quum
1237 1021 1466 1079 acceperit,

104 1097 159 1138 ita
180 1098 501 1154 pronuntiabit,
524 1107 571 1140 ut
591 1098 730 1160 ipsiC.
754 1101 813 1141 Μ
816 1099 895 1141 irio
918 1115 1035 1158 paene
1054 1100 1122 1141 hic
1140 1098 1291 1142 melius
1304 1116 1462 1159 ‚quam

104 1178 215 1235 ipse,
240 1176 309 1219 illa
333 1178 440 1220 scire
470 1177 663 1220 videatur
690 1195 697 1220 ε
728 1179 792 1221 sin
817 1178 868 1221 de
892 1180 988 1238 jure
1015 1178 1153 1231 civili3
1182 1189 1323 1222 tecum
1349 1195 1464 1222 com—

105 1257 358 1312 municabit,
387 1267 515 1317 teque
542 1244 760 1301 hominem
795 1258 1199 1317 prudentissimum,
1229 1269 1266 1301 et
1298 1259 1465 1318 peritis—

104 1338 260 1379 simum
290 1338 331 1379 in
361 1339 409 1380 iis
437 1338 538 1397 ipsis
571 1337 719 1391 rebus,
747 1353 852 1395 quas
881 1338 954 1380 abs
979 1347 1020 1379 tc
1051 1337 1268 1391 didicerit,
1299 1337 1466 1380 dicendi

105 1425 194 1458 arte
217 1417 448 1476 superabit.

169 1497 241 1538 Sin
279 1512 373 1555 quae
403 1513 470 1539 res
500 1497 724 1551 inciderit,
767 1499 809 1540 in
844 1515 927 1556 qua
964 1497 1015 1540 de
1051 1508 1227 1553 natura,
1264 1497 1315 1540 de
1357 1499 1468 1540 vitiis

104 1576 350 1631 hominum,
385 1576 436 1619 de
465 1577 794 1636 cupiditatibus,
830 1578 882 1621 de
916 1578 1064 1633 modo,
1101 1578 1153 1621 de
1180 1580 1468 1633 continentia,

107 1656 157 1700 de
196 1656 365 1713 dolore,
405 1657 457 1700 de
497 1667 634 1701 morte
673 1657 906 1701 dicendum
940 1659 1013 1712 sit3
1045 1658 1243 1713 forsitan,
1279 1659 1312 1701 si
1347 1658 1383 1700 ci
1419 1659 1470 1701 sit

107 1738 246 1780 visum
272 1738 369 1797 (etsi
402 1738 491 1780 haec
519 1737 692 1796 quidem
721 1754 844 1780 nosse
871 1736 994 1780 debet
1027 1736 1212 1795 orator),
1243 1753 1341 1779 cum
1376 1738 1467 1780 Sex.

107 1818 337 1876 Pompeio,
368 1816 540 1860 erudito
567 1816 741 1859 homine
774 1818 817 1860 in
852 1816 1144 1876 philosophia,
1178 1817 1471 1859 communica-

110 1897 163 1937 rit
184 1913 192 1938 :
218 1896 299 1938 hoc
322 1896 516 1955 profecto
537 1896 714 1951 efficiet,
741 1906 787 1938 ut
811 1912 1115 1955 quamcunque
1142 1912 1230 1938 rem
1255 1912 1276 1938 a
1299 1912 1472 1955 quoque

110 1977 332 2035 cognorit,
365 1976 416 2018 de
452 1993 499 2019 ea
532 1975 670 2019 multo
703 1975 816 2018 dicat
850 1976 1067 2029 ornatius,
1102 1991 1231 2034 quam
1263 1974 1332 2017 ille
1363 1976 1472 2033 ipse,

110 2055 225 2098 unde
249 2057 462 2115 cognorit.

174 2134 257 2178 Sed
285 2137 318 2178 si
345 2152 413 2179 me
437 2136 641 2190 audierit,
668 2138 871 2195 quoniam
899 2134 1173 2196 philosophia
1200 2137 1241 2177 in
1267 2144 1352 2177 tres
1379 2150 1474 2193 par-

112 2227 172 2258 tes
207 2225 271 2259 est
303 2216 485 2272 tributa,
521 2217 563 2259 in
599 2226 764 2259 uaturae
799 2216 1128 2269 obscuritatem,
1166 2216 1209 2257 in
1243 2213 1475 2257 disserendi

114 2294 418 2350 subtilitatem,
445 2297 487 2339 in
523 2298 655 2339 vitam
681 2306 810 2356 atque
843 2312 1004 2347 mores;
1030 2294 1117 2338 duo
1152 2293 1223 2336 illa
1261 2293 1476 2352 relinqua-

113 2392 209 2418 mus
229 2410 241 2430 ,
275 2385 403 2434 atque
434 2375 673 2435 largiamur
706 2376 870 2418 inertiae
910 2384 1068 2417 nostrae
1098 2391 1106 2416 :
1145 2373 1321 2415 tertium
1357 2387 1475 2423 vero,

114 2454 230 2514 quod
251 2471 419 2515 semper
439 2457 622 2498 oratoris
648 2455 747 2510 fuit,
774 2456 853 2497 nisi
881 2454 1148 2507 tenebimus,
1171 2450 1275 2495 nihil
1297 2451 1475 2504 oratori,

115 2537 158 2578 in
184 2551 270 2594 quo
294 2551 476 2595 magnus
501 2551 590 2578 esse
614 2536 771 2595 possit,
799 2533 1103 2592 relinquemus.

179 2616 327 2671 Quare
353 2615 421 2658 hic
446 2614 566 2658 locus
591 2614 642 2656 de
667 2615 753 2656 vita
779 2623 819 2656 et
848 2613 1040 2656 moribus
1067 2622 1184 2656 totus
1218 2621 1280 2654 est
1315 2608 1476 2653 oratori

116 2694 423 2755 perdiscendus
447 2713 452 2737 :
478 2704 616 2738 cetera
647 2696 680 2737 si
713 2711 799 2737 non
832 2693 1045 2748 didicerit,
1073 2703 1215 2735 tamen
1243 2689 1417 2750 poterit,
1445 2689 1478 2729 si
