1843 3166
307 194 375 231 204
687 191 751 224 DE
777 190 1011 225 ORATORE
1041 189 1184 223 LIBER
1213 189 1257 222 II.

304 275 422 333 prior
444 275 532 335 ipse
549 274 760 318 sumeret?
787 274 960 328 deinde,
981 274 1013 316 si
1037 290 1115 333 ego
1141 282 1254 315 recte
1278 271 1488 327 intellexi,
1512 288 1644 332 quum

303 353 423 397 valde
444 354 624 399 libenter
639 355 855 408 audirem,
876 354 981 396 mihi
1001 353 1095 413 conj
1104 362 1229 396 uncte
1249 362 1310 395 cst
1326 353 1439 396 visus
1464 351 1515 395 de
1534 361 1647 396 utra-

301 451 383 492 que
401 451 445 477 re
463 434 617 478 dicere.
633 433 782 478 -Ille
805 449 924 488 vero,
954 434 1093 492 inquit
1108 434 1255 487 Cotta,
1277 441 1527 475 ornamenta
1549 447 1645 474 ora-

302 515 429 558 tionis
460 531 546 558 non
569 515 732 574 attigit,
760 529 897 573 neque
921 529 1013 556 eam
1040 511 1229 568 laudem,
1253 528 1304 554 ex
1338 528 1421 571 qua
1448 510 1647 570 eloquen-

302 595 358 637 tia
386 611 541 637 nomen
570 595 709 655 ipsum
742 593 1151 636 invenit.-Vc1-ba
1173 592 1326 651 igitur,
1357 591 1496 650 inquit
1524 592 1647 634 Cras-

302 690 389 729 sus,
415 675 519 717 mihi
535 673 709 733 reliquit
730 674 965 728 Antonius,
986 688 1076 715 rem
1101 672 1188 731 ipse
1209 672 1372 714 sumsit.

362 756 546 797 ——Tum
567 756 725 808 Caesar,
748 754 810 807 Si,
829 751 942 811 quod
959 750 1174 794 difficilius
1188 760 1271 804 est,
1295 750 1339 792 id
1356 750 1433 793 tibi
1447 749 1645 809 reliquit;

300 844 363 878 est
390 834 533 888 nobis,
560 834 719 892 iuquit,
751 847 897 887 causa,
930 847 1006 874 cur
1028 840 1068 873 tc
1095 829 1243 873 audire
1272 830 1497 890 cupiamus
1530 846 1538 872 ε
1561 831 1647 885 sin,

301 912 417 972 quod
444 911 629 967 facilius,
657 912 731 954 tibi
759 926 884 954 causa
908 926 995 952 non
1019 919 1105 964 est,
1127 925 1204 951 cur
1223 910 1546 952 recuses—Et
1568 908 1649 950 Ca-

302 991 435 1046 tulus,
458 991 596 1048 Quid,
625 990 741 1049 quod
768 990 932 1046 dixisti,
968 989 1132 1048 inquit,
1162 990 1335 1043 Crasse,
1369 989 1402 1030 si
1425 988 1496 1030 hic
1520 986 1647 1029 hodie

298 1072 413 1131 apud
434 1080 474 1114 te
499 1086 787 1125 maneremus,
812 1079 853 1111 te
876 1085 1038 1111 morem
1061 1067 1183 1110 nobis
1204 1083 1293 1110 esse
1317 1076 1565 1127 gesturum,
1588 1066 1650 1108 ni-

299 1150 415 1194 hilne
442 1151 495 1194 ad
520 1150 650 1193 fidem
680 1159 798 1193 tuam
821 1159 944 1208 putas
975 1148 1193 1207 pertinere
1208 1146 1295 1189 9-
1307 1148 1418 1190 Tum
1441 1147 1567 1189 Cotta
1593 1147 1649 1188 ri-

299 1231 422 1286 dens,
444 1233 617 1274 Possem
642 1230 741 1286 tibi,
763 1229 929 1288 inquit,
951 1231 1122 1281 Crasse,
1146 1225 1406 1270 concedere:
1435 1225 1508 1268 sed
1528 1224 1624 1268 vide
1638 1259 1649 1276 ,

301 1328 352 1354 ne
383 1311 488 1370 quid
524 1308 704 1354 Catulus
741 1307 934 1352 attulerit
968 1307 1203 1368 religionis.
1239 1308 1361 1366 Opus
1389 1306 1471 1349 hoc
1502 1322 1648 1348 censo—

302 1392 413 1433 rium
447 1399 534 1433 est:
571 1389 614 1431 id
639 1398 786 1432 autem
807 1388 1095 1441 committere,
1127 1387 1223 1429 vide
1248 1403 1378 1445 quam
1405 1386 1458 1428 sit
1486 1385 1649 1428 homini

300 1481 423 1531 turpe
448 1470 655 1513 censorio.
680 1493 743 1500 ——
768 1469 894 1527 Agite
913 1483 1036 1521 vero,
1056 1465 1126 1508 ille
1148 1466 1306 1525 inquit,
1330 1475 1378 1507 ut
1401 1463 1527 1507 vultis
1547 1481 1556 1506 :
1579 1463 1651 1506 sed

300 1567 414 1593 nunc
432 1549 628 1609 quidem,
649 1547 855 1606 quoniam
877 1546 919 1588 id
937 1547 1144 1605 temporis
1168 1555 1253 1597 est,
1276 1544 1539 1605 surgendum
1559 1559 1651 1587 cen-

298 1647 390 1683 seo,
417 1639 458 1672 et
478 1624 833 1687 requiescendum
861 1641 870 1667 :
907 1634 1004 1685 post
1029 1624 1270 1676 meridiem,
1299 1624 1332 1666 si
1361 1624 1419 1666 ita
1443 1624 1562 1666 vobis
1590 1633 1654 1666 est

298 1708 597 1762 commodum,
621 1705 850 1765 loquemur
883 1702 1069 1763 aliquid,
1101 1703 1180 1746 nisi
1206 1702 1316 1746 forte
1344 1703 1387 1745 in
1419 1703 1652 1746 crastinum

298 1790 472 1833 differre
501 1784 714 1830 mavultis.

361 1873 522 1914 Omnes
543 1883 586 1910 se
615 1865 682 1908 vel
708 1865 877 1920 statim,
899 1862 989 1920 vel,
1016 1864 1051 1907 si
1076 1863 1165 1923 ipse
1186 1872 1284 1923 post
1308 1861 1530 1905 meridiem
1550 1859 1652 1904 mal-

299 1952 378 2007 let,
405 1964 535 2009 quam
564 1946 753 2006 primum
777 1954 921 1987 tamen
948 1942 1098 1986 audire
1120 1941 1226 1985 velle
1250 1941 1463 1985 dixerunt.
