1843 3166
707 204 849 238 mmm
882 206 906 238 1.
1431 210 1446 245 κ,
1463 204 1476 235 3

128 286 435 331 consuetudine
455 286 507 328 ad
525 285 754 330 dicendum
778 289 888 330 veni!
908 322 917 339 ,
936 288 1045 329 banc
1065 287 1185 330 affert
1210 287 1453 330 facultatem
1469 321 1477 337 ,

130 377 199 422 ut,
244 368 370 409 ctiam
409 366 549 408 subito
587 366 620 410 si
655 367 787 421 dicat,
826 377 968 409 tamen
1011 366 1101 419 illa,
1141 383 1234 425 quae
1268 366 1480 415 dicantur,

130 447 282 491 similia
295 446 550 506 scriptorum
573 462 664 490 esse
679 446 930 490 videantur:
947 457 1074 506 atque
1096 447 1244 501 ctiam,
1261 447 1292 487 si
1309 446 1481 505 quando

132 530 173 571 in
193 526 372 570 dicendo
393 529 602 588 scriptum
618 526 809 571 attulerit
826 526 1010 586 aliquid,
1038 543 1171 586 quum
1192 527 1243 569 ab
1264 542 1314 569 co
1334 526 1484 569 disces-

131 609 251 663 serit,
278 606 442 668 reliqua
461 608 608 652 similis
626 609 765 652 oratio
785 618 1086 667 consequetur.

194 690 253 732 Ut
276 691 491 733 concitato
518 691 711 750 navigio,
731 705 866 748 quum
886 689 1067 748 remiges
1090 688 1391 741 inhibuerunt,
1418 701 1482 727 re-

133 770 237 812 tinet
261 781 403 814 tamen
434 772 522 830 ipsa
554 771 674 813 navis
694 781 861 813 motum
892 779 934 812 et
965 785 1137 812 cursum
1170 783 1324 821 suum,
1358 767 1488 808 inter-

137 852 264 895 misso
287 853 450 912 impetu
477 850 691 911 pulsuque
723 867 943 894 remorum
966 867 974 892 :
1003 849 1062 893 sic
1095 850 1137 891 in
1172 849 1365 891 oratione
1392 861 1487 907 per-

138 942 286 991 petua,
321 949 455 992 quum
494 932 652 992 scripta
693 931 926 985 deficiunt,
964 946 1114 991 parem
1145 939 1284 972 tamen
1322 927 1489 970 obtinet

136 1013 273 1055 oratio
310 1011 474 1072 reliqua
516 1029 690 1055 cursum
706 1046 717 1067 ‚
756 1012 1015 1071 scriptorum
1057 1008 1336 1053 similitudine
1375 1017 1416 1050 et
1449 1008 1487 1049 vi

136 1093 362 1137 concitata.

201 1175 404 1217 XXXIV.
426 1175 476 1216 In
496 1174 758 1233 quotidianis
777 1182 920 1218 autem
939 1172 1270 1234 cogitationibus
1291 1168 1491 1230 equidem

139 1254 243 1297 mihi
273 1252 616 1298 adolescentulus
645 1271 888 1315 proponere
917 1253 1105 1297 solebam
1141 1250 1258 1294 illam
1288 1250 1492 1293 exercita-

140 1335 301 1377 tionem
326 1334 529 1389 maxime,
555 1352 639 1394 qua
670 1337 718 1378 C.
741 1335 985 1377 Carbonem
1004 1367 1014 1387 ,
1044 1342 1239 1375 nostrum
1268 1328 1386 1372 illum
1413 1328 1493 1370 ini-

139 1414 323 1469 micum,
353 1413 528 1458 solitum
556 1431 647 1458 esse
674 1415 736 1457 nti
767 1414 975 1468 sciebam,
1007 1422 1055 1456 ut
1079 1419 1153 1454 aut
1180 1409 1372 1453 versibus
1398 1423 1495 1467 pro-

142 1494 290 1554 positis
307 1511 436 1554 quam
457 1496 639 1538 maxime
659 1494 882 1555 gravibus,
909 1503 983 1537 aut
1005 1492 1202 1536 oratione
1227 1489 1368 1548 aliqua
1387 1487 1497 1530 lecta

141 1575 195 1618 ad
219 1592 318 1618 eum
353 1575 506 1631 finem,
532 1591 661 1635 quem
685 1575 892 1618 memoria
916 1590 1083 1634 possem
1109 1567 1497 1631 comprehendere,

142 1670 235 1698 eam
247 1673 337 1699 rem
353 1656 489 1716 ipsam
502 1690 513 1711 ,
533 1672 662 1715 quam
674 1655 891 1714 legissem,
910 1655 1051 1697 verbis
1064 1652 1157 1696 aliis
1169 1668 1299 1711 quam
1312 1651 1498 1693 maxime

145 1752 314 1796 possem
332 1734 471 1791 lectis,
500 1735 838 1795 pronuntiarem.
865 1733 947 1777 Sed
971 1742 1069 1793 post
1088 1730 1398 1782 animadverti,
1417 1730 1499 1772 hoc

146 1832 235 1859 esse
262 1816 305 1858 in
330 1816 413 1859 hoc
436 1816 549 1869 vitii,
575 1814 692 1874 quod
717 1830 766 1857 ea
786 1814 938 1869 verba,
966 1829 1061 1872 qnae
1080 1812 1264 1855 maxime
1290 1811 1500 1870 cujusque

147 1896 208 1939 rei
237 1895 438 1956 propria,
465 1911 645 1955 quaeque
669 1904 812 1938 essent
837 1893 1130 1948 ornatissima,
1159 1901 1288 1950 atque
1316 1890 1500 1949 optima,

148 1985 418 2035 occupasset,
438 1985 511 2018 aut
531 1975 718 2028 Ennius,
739 1975 774 2017 si
801 1973 855 2017 ad
876 1974 968 2033 ejus
988 1988 1136 2016 versus
1153 1986 1219 2014 me
1238 1984 1477 2012 exercerem
1490 2001 1501 2021 ,

150 2065 225 2098 aut
249 2056 498 2108 Gracchus,
530 2056 564 2098 si
593 2055 684 2115 ejus
713 2055 953 2097 orationem
978 2052 1083 2095 mihi
1112 2051 1221 2094 forle
1252 2047 1501 2108 proposuis-

153 2151 252 2178 sem.
275 2137 360 2190 Ita,
384 2136 418 2178 si
444 2135 594 2179 iisdem
617 2135 759 2178 verbis
776 2143 935 2188 uterer,
957 2130 1065 2174 nihil
1085 2129 1308 2191 prodesse3
1328 2129 1361 2171 si
1388 2125 1504 2182 aliis,

151 2215 277 2258 etiam
304 2216 475 2271 obesse,
501 2231 637 2275 quum
664 2214 807 2258 minus
833 2212 995 2256 idoneis
1018 2212 1082 2254 uti
1103 2224 1441 2254 consuescerem.

213 2297 364 2338 Postea
391 2295 496 2338 mihi
527 2294 710 2356 placuit,
738 2309 876 2353 eoque
899 2308 995 2335 sum
1027 2307 1130 2335 usus
1163 2288 1430 2344 adolescens,
1461 2298 1508 2332 ut

154 2391 421 2418 summorum
449 2385 670 2418 oratorum
689 2389 848 2434 graecas
865 2372 1082 2415 orationes
1107 2370 1383 2431 explicarem.
1402 2370 1507 2425 Qni-

156 2455 234 2497 bus
264 2453 383 2497 lectis
418 2454 501 2496 hoc
525 2454 804 2513 assequebar,
837 2462 908 2505 ut,
947 2468 1082 2511 quum
1108 2468 1176 2507 ea,
1208 2468 1302 2511 quae
1328 2450 1507 2509 legerem

156 2549 291 2593 graece
309 2567 320 2589 ,
352 2533 482 2577 latine
536 2533 756 2576 redderem
777 2567 788 2588 ,
834 2549 920 2575 non
971 2532 1110 2576 solnm
1147 2532 1321 2592 optimis
1369 2528 1511 2571 verbis

156 2623 316 2669 uterer,
337 2624 379 2658 et
402 2623 542 2657 tamen
562 2614 729 2657 usitatis
743 2648 753 2668 ,
776 2613 846 2656 sed
865 2614 994 2656 etiam
1015 2614 1297 2673 exprimerem
1316 2607 1510 2668 quaedam
