1843 3166
765 149 905 182 LIBER
938 149 983 181 11.
1480 149 1547 183 123

192 234 257 294 gis
272 234 646 276 commiseratione
658 231 825 275 diram?
840 233 943 291 quid
959 232 1011 275 de
1029 232 1120 275 aliis
1138 234 1550 279 innunwrabilibus?

194 316 235 356 in
254 315 412 373 quibus
437 330 524 356 non
539 313 620 356 hoc
635 313 822 355 maxime
832 313 1009 367 enituit,
1037 313 1154 371 quod
1169 314 1244 356 tibi
1263 331 1410 358 omnes
1426 315 1528 359 dant
1541 351 1551 368 ,

193 410 374 437 acumen
392 392 610 454 quoddam
635 391 880 452 singulare;
907 392 978 435 sed
1006 393 1094 436 haec
1114 394 1225 453 ipsa,
1249 410 1343 453 quae
1364 411 1478 438 nunc
1500 396 1552 438 ad

194 490 261 517 me
286 472 483 534 delegare
515 473 604 527 vis,
638 488 687 515 ea
713 488 882 532 semper
912 474 955 515 in
986 481 1024 516 te
1055 473 1212 516 eximia
1240 483 1283 516 et
1310 477 1555 533 praestantia

194 554 380 599 fuerunt.

257 636 420 679 XXIX.
448 661 509 668 —
533 636 645 678 Tum
669 633 851 678 Catulus
874 651 883 678 ε
911 637 1003 695 Ego
1027 651 1150 691 vero,
1178 637 1340 696 inquit,
1370 637 1412 679 in
1437 637 1557 680 vobis

193 715 275 759 hoc
303 715 488 758 maxime
515 714 719 758 admirari
753 713 896 770 soleo,
930 715 1045 775 quod
1063 750 1073 769 ,
1106 733 1240 776 quum
1275 718 1386 760 inter
1415 734 1489 760 vos
1516 719 1558 760 in

192 794 377 838 dicendo
403 793 675 838 dissimillimi
711 796 828 850 sitis,
867 796 926 839 ita
960 806 1100 840 tamen
1145 807 1327 857 uterque
1367 808 1558 841 vestrum

192 875 326 932 dicat,
359 885 407 919 ut
441 877 478 918 ei
509 874 616 918 nihil
651 892 791 936 neque
821 893 846 920 a
869 887 1025 920 natura
1056 877 1339 939 denegatum,
1369 895 1509 938 neque
1536 896 1559 921 a

194 955 394 999 doctrina
409 973 495 999 non
512 955 703 1000 delatum
717 973 808 1000 esse
824 957 1216 1015 videatur.Quare‚
1231 960 1405 1015 Crasse,
1422 976 1560 1019 neque

197 1045 243 1080 tu
270 1046 343 1080 tua
360 1037 574 1080 suavitate
592 1053 671 1080 nos
690 1038 900 1097 privabis,
922 1048 989 1094 ut,
1012 1040 1046 1081 si
1070 1038 1174 1099 quid
1196 1039 1249 1082 ab
1278 1041 1471 1084 Antonio
1486 1050 1562 1083 aut

195 1118 529 1176 praetermissum
545 1151 556 1173 ,
586 1126 662 1160 aut
679 1117 876 1161 relictum
894 1119 969 1175 sit,
998 1136 1086 1162 non
1105 1119 1287 1179 explices
1303 1136 1314 1172 ;
1337 1137 1478 1180 neque
1496 1130 1537 1163 te
1551 1155 1562 1173 ,

199 1197 386 1251 Antoni,
412 1198 444 1240 si
472 1197 577 1257 quid
600 1213 687 1241 non
706 1197 887 1255 dixeris,
911 1200 1252 1243 existimabimus
1268 1217 1353 1244 non
1370 1201 1562 1261 potuisse

196 1278 364 1337 potius,
389 1294 522 1337 quam
550 1294 574 1320 a
600 1280 756 1323 Crasso
784 1278 870 1322 dici
897 1280 1114 1324 maluisse.

259 1386 322 1392 —
339 1360 420 1403 Hic
438 1360 622 1403 Crassus
644 1360 789 1416 :Quin
805 1370 848 1403 tu
862 1394 873 1415 ,
893 1361 1056 1420 inquit,
1073 1362 1260 1415 Antoni,
1279 1362 1442 1405 omittis
1461 1363 1539 1406 ista
1555 1398 1564 1412 .

194 1455 291 1499 quae
304 1440 591 1500 proposuisti,
616 1457 712 1500 quae
724 1457 852 1484 nemo
880 1441 1038 1485 horum
1056 1441 1274 1486 desiderat
1296 1460 1305 1486 ε
1332 1443 1490 1503 quibus
1516 1461 1567 1487 ex

196 1519 300 1565 locis
326 1539 400 1578 ea,
431 1539 526 1583 quae
557 1522 739 1566 dicenda
767 1524 852 1566 sint
881 1523 924 1566 in
947 1523 1112 1579 causis,
1146 1524 1432 1583 reperiantur.
1459 1526 1568 1582 Quae

197 1619 448 1663 quanquam
475 1604 549 1648 abs
573 1615 612 1648 te
640 1621 754 1647 novo
774 1604 963 1663 quodam
995 1603 1150 1659 modo,
1183 1603 1473 1664 praeclareque
1500 1603 1566 1647 di-

197 1694 374 1740 cuntur,
391 1695 494 1728 sunt
505 1695 651 1728 tamen
667 1695 710 1728 et
726 1701 771 1728 re
787 1683 1000 1741 faciliora,
1018 1694 1060 1728 et
1075 1686 1302 1745 praeceptis
1319 1694 1565 1746 pervagata.

201 1763 277 1807 Illa
292 1799 303 1820 ,
316 1765 524 1826 deprome
538 1765 683 1819 nobis,
701 1765 816 1808 unde
831 1764 985 1808 afferas
997 1800 1008 1822 ,
1027 1781 1122 1825 quae
1137 1766 1368 1826 saepissime
1384 1775 1543 1810 tractas
1557 1801 1568 1819 ‚

200 1861 457 1906 semperque
482 1845 704 1889 divinitus.

262 1953 326 1959 —
348 1929 615 1987 Depromam
646 1926 868 1987 equidem,
898 1928 1042 1987 inquit
1065 1928 1302 1983 Antonius,
1334 1937 1376 1972 et
1403 1944 1491 1987 quo
1512 1927 1571 1970 sa-

202 2006 324 2051 cilius
339 2007 384 2051 id
396 2024 421 2051 a
438 2017 479 2050 te
497 2008 694 2069 exigam,
714 2007 832 2067 quod
848 2018 970 2068 peto,
987 2008 1094 2051 nihil
1113 2009 1230 2052 tibia
1248 2025 1316 2052 me
1332 2006 1571 2069 postulanti

203 2087 428 2132 recusabo.
452 2090 563 2132 Meae
577 2089 711 2132 totius
729 2088 938 2131 orationis
955 2122 966 2144 ,
987 2098 1030 2131 et
1044 2090 1168 2132 istius
1184 2089 1317 2149 ipsius
1333 2090 1375 2131 in
1390 2087 1572 2131 dicendo

204 2168 445 2226 facultatis,
471 2187 603 2230 quam
626 2169 758 2213 modo
780 2171 963 2213 Crassus
984 2171 1028 2212 in
1057 2168 1213 2213 coelum
1235 2169 1378 2212 verbis
1399 2168 1573 2217 extulit,

205 2259 291 2294 tres
320 2259 423 2293 sunt
454 2251 663 2305 rationes,
696 2260 746 2293 ut
771 2260 871 2293 ante
905 2249 993 2292 dixi
1028 2267 1037 2292 :
1078 2266 1166 2293 una
1200 2248 1574 2293 conciliandorum

203 2331 453 2386 hominum,
478 2330 613 2375 altera
633 2331 956 2382 docendorum,
983 2331 1109 2374 tertia
1135 2329 1509 2374 concitandorum.

270 2415 438 2456 Harum
465 2412 595 2454 trium
620 2412 810 2471 partium
840 2410 979 2470 prima
1004 2409 1226 2454 lenitatem
1252 2411 1486 2465 orationis,
1513 2426 1577 2453 se-

208 2491 350 2535 cunda
376 2507 584 2545 acumen,
614 2492 741 2534 tertia
770 2492 856 2533 vim
881 2489 1108 2534 desiderat.
1143 2493 1260 2536 Nam
1287 2491 1369 2533 hoc
1406 2506 1576 2533 necesse

208 2581 294 2629 est,
326 2581 375 2615 ut
402 2571 458 2628 is,
484 2571 559 2630 qui
586 2570 710 2613 nobis
740 2586 916 2614 causam
945 2569 1272 2630 adjudicaturus
1301 2571 1380 2625 sit,
1409 2578 1484 2613 aut
1511 2570 1578 2612 in-
