1843 3166
644 211 1040 248 ADNOTATIONES.
1450 215 1468 250 3
1478 229 1491 251 1
1505 229 1519 252 1

165 293 262 322 ctute
283 294 406 335 ageret
425 287 604 331 fabulam,
621 287 794 333 jubebat,
816 286 1022 332 tibicinem,
1041 299 1117 323 non
1135 287 1320 335 incitatos,
1340 298 1382 325 ut
1397 299 1522 337 antea,

162 347 227 382 sed
237 348 419 384 tardiores
429 347 562 383 modos
577 347 735 384 efficere.
752 348 956 393 Quomodo
970 348 1078 393 tibia,
1092 360 1175 383 cum
1186 362 1277 385 voce
1290 358 1475 398 actorum,
1486 353 1523 388 in

161 408 400 456 antiquorum
414 409 557 444 theatro
570 437 577 448 τ
597 416 822 454 moveretur,
844 416 879 444 et
897 417 1077 456 quantum
1100 417 1227 445 cantus
1244 419 1281 445 et
1300 412 1436 447 musice
1454 413 1523 449 de-

161 469 372 504 clamationi
383 470 618 518 jungeretur‚
639 482 681 504 ea
700 477 753 504 est
767 470 921 517 quaestio
933 499 943 516 ‚
958 483 1040 518 quae
1058 470 1266 505 nonadhuc
1281 472 1523 519 dilucidatur,

160 536 194 564 et
215 543 297 577 quae
316 531 487 575 forsitan,
509 542 594 565 cum
617 531 742 566 multis
768 531 846 567 aliis
866 531 1132 578 quaestionibus
1157 530 1203 565 de
1238 539 1405 566 veterum
1439 547 1522 568 rnu-

157 591 248 634 sica‚
273 604 350 626 non
379 591 472 626 solvi
500 598 633 638 potest.
654 593 710 627 De
736 605 810 639 qua
835 605 874 627 re
894 593 980 627 vide
999 594 1344 637 Manmommum,
1375 592 1414 626 in
1438 595 1521 628 Lit—

156 660 329 686 teraturoe
359 653 569 694 elementis,
594 664 673 699 cap.
699 654 934 688 Declamatio
962 653 1160 688 theatralis
1170 665 1183 695 ;
1213 652 1299 687 citat
1330 653 1523 699 opiniones

156 712 332 746 abbatum
351 713 476 747 Dubos
495 720 532 748 et
556 713 679 760 Vatry.
701 714 794 747 Cum
821 714 963 760 majore
983 714 1107 749 fructu
1134 714 1346 749 consuletur
1365 725 1444 760 cap.
1475 726 1521 759 70

155 784 200 807 ex
221 773 358 807 Itinere
375 773 518 818 juvenis
545 773 795 816 Anacharsis,
818 781 854 808 et
874 774 1036 809 auctoris
1054 781 1172 809 notas.
1199 776 1231 809 J.
1257 776 1302 809 V.
1329 775 1367 810 C.

208 833 293 868 Cn.
315 834 433 868 LXII.
454 834 559 868 Nunc
587 842 621 868 et
647 834 823 869 Scaevola.
851 836 926 870 Cur
951 834 988 868 in
1019 834 1074 870 his
1094 834 1250 882 dialogis
1274 847 1351 869 non
1380 844 1520 882 perstet

154 894 337 938 Scaevola,
363 906 509 929 causam
532 894 640 929 affert
659 895 821 939 Tullius,
841 896 959 942 Epist.
988 895 1051 939 16,
1074 894 1136 929 lib.
1166 907 1225 939 ιν,
1249 896 1302 929 ad
1329 897 1489 932 Atticum
1507 910 1519 931 :

153 954 295 998 «Quod
326 954 363 988 in
396 954 439 989 iis
463 954 587 998 libris,
617 967 712 1001 quos
732 955 876 999 laudas,
896 967 1092 1002 personam
1117 955 1302 990 desideras
1330 956 1518 1002 Scaevolae,

152 1026 229 1048 non
249 1026 328 1049 eam
355 1022 492 1050 temere
515 1014 676 1060 dimovi3
701 1015 766 1050 sed
779 1015 850 1050 feei
868 1016 984 1061 idem,
1006 1015 1111 1062 quod
1129 1015 1167 1049 in
1186 1021 1332 1065 πολιτείᾳ
1355 1016 1445 1051 deus
1458 1017 1518 1051 ille

150 1081 278 1109 noster
305 1076 427 1119 Plato,
453 1087 570 1122 quum
604 1075 642 1110 in
668 1076 826 1110 Piraeum
855 1078 1025 1111 Socrates
1047 1075 1206 1110 venisset
1237 1076 1284 1110 ad
1304 1077 1518 1122 ,Cephalum

155 1135 379 1182 locupletem
392 1163 402 1180 ,
416 1143 451 1171 et
471 1137 642 1171 festivum
665 1150 786 1172 senem
810 1151 817 1172 :
839 1138 965 1184 quoad
984 1137 1127 1184 primus
1147 1137 1206 1171 ille
1219 1149 1338 1172 sermo
1358 1137 1518 1172 habere-

151 1203 225 1241 tur,
245 1197 349 1232 adest
367 1197 405 1231 in
431 1197 656 1244 disputando
676 1211 809 1243 senex;
829 1198 982 1243 deinde,
1002 1211 1119 1245 quum
1137 1198 1215 1244 ipse
1239 1210 1392 1245 quoque
1412 1211 1517 1233 com—

150 1258 362 1293 modissime
381 1259 529 1294 locutus
551 1266 664 1304 esset,
684 1260 730 1294 ad
750 1272 827 1294 rem
847 1259 1008 1294 divinam
1028 1258 1118 1293 dicit
1136 1271 1173 1293 se
1197 1259 1291 1293 velle
1310 1258 1516 1304 discedere3

149 1331 272 1366 neque
295 1327 426 1367 postea
452 1321 661 1356 revertitur.
683 1320 804 1355 Credo
828 1321 1020 1354 Platonem
1049 1319 1114 1354 vix
1139 1326 1288 1365 putasse
1316 1318 1401 1353 satis
1420 1331 1514 1353 con—

149 1393 282 1416 sonum
305 1382 402 1427 fore,
425 1382 454 1416 si
473 1381 661 1416 hominem
685 1381 724 1415 id
751 1380 864 1417 aetatis
888 1380 928 1414 in
947 1388 1022 1415 tam
1046 1381 1160 1427 longo
1184 1392 1352 1414 sermone
1378 1379 1517 1414 diutius

149 1441 368 1477 retinuisset.
389 1443 512 1477 Multo
541 1454 612 1490 ego
640 1440 752 1477 satius
773 1441 845 1475 hoc
863 1440 952 1474 mihi
977 1440 1183 1474 cavendum
1206 1439 1336 1485 putavi
1353 1438 1393 1472 in
1419 1440 1516 1474 Scae—

147 1502 250 1546 vola,
270 1501 336 1549 qui
357 1509 393 1537 et
418 1509 520 1536 aetate
543 1509 580 1537 et
609 1500 821 1536 valetudine
841 1512 905 1545 ea,
933 1511 1007 1546 qua
1025 1497 1243 1543 meministi,
1269 1505 1305 1533 et
1328 1498 1371 1532 iis
1390 1499 1516 1534 hono-

145 1560 267 1606 ribus,
295 1569 337 1596 ut
370 1562 433 1596 vix
460 1562 545 1596 satis
570 1561 746 1596 decorum
775 1560 978 1603 videretur,
1011 1572 1095 1593 eum
1116 1559 1241 1605 plures
1264 1559 1342 1593 dies
1373 1570 1448 1593 esse
1477 1559 1515 1593 in

146 1622 265 1657 Crassi
283 1624 513 1666 Tusculano;
536 1628 572 1656 et
593 1628 671 1655 erat
688 1620 799 1666 primi
818 1620 904 1654 libri
922 1633 1042 1656 sermo
1062 1631 1140 1656 non
1157 1619 1296 1654 alienus
1309 1630 1330 1653 a
1347 1619 1515 1656 Scaevolae

146 1683 288 1717 studiis.
311 1682 462 1729 Reliqui
486 1682 573 1716 libri
593 1686 794 1730 τεχνολογίαν
821 1681 980 1726 habent,
1001 1689 1042 1717 ut
1061 1683 1140 1718 seis.
1169 1683 1265 1718 Huic
1281 1683 1512 1729 joculatoriae

147 1743 388 1790 disputationi
410 1756 534 1778 senem
559 1742 679 1787 illum,
699 1749 740 1776 ut
759 1755 887 1786 noras,
907 1742 1083 1778 interesse
1107 1744 1222 1778 nolui.
1245 1760 1260 1775 »
1279 1746 1414 1779 PizusT.

204 1806 246 1838 In
278 1806 531 1840 Tusculanum.
553 1804 673 1838 Aliam
693 1803 893 1850 quamdam
912 1804 992 1852 agri
1010 1804 1192 1839 tusculani
1210 1811 1354 1851 partem
1371 1804 1510 1841 intelli-

145 1865 220 1913 git,
242 1866 289 1901 ab
313 1878 354 1901 ea
381 1866 622 1912 disjunctam,
646 1864 686 1898 in
707 1877 781 1911 qua
807 1871 920 1900 erant.
940 1866 1075 1900 Pnus‘r.

530 2042 724 2084 LIBER
757 2040 1114 2084 SECUNDUS.

196 2223 281 2260 CAP.
296 2223 323 2257 1.
340 2223 517 2266 Patruus,
539 2224 698 2270 quicum
717 2223 876 2257 Antonio
891 2223 928 2256 in
949 2222 1117 2257 Ciliciam
1128 2219 1323 2268 profectus
1342 2233 1416 2255 una
1435 2221 1503 2256 de-

144 2290 315 2318 cesserat.
341 2283 386 2318 Id
406 2290 459 2318 est
474 2283 597 2318 itineri
621 2296 658 2318 se
678 2282 929 2327 commiserat3
954 2294 1032 2317 non
1050 2288 1191 2325 autem,
1210 2287 1252 2315 ut
1276 2280 1425 2328 quidam
1446 2280 1507 2315 in—

145 2350 409 2391 terpretantur,
421 2350 592 2379 mortuus
611 2344 730 2379 fuerat
744 2357 751 2378 :
768 2344 898 2378 Cicero
919 2342 1015 2377 enim
1027 2342 1087 2377 ille
1100 2349 1271 2389 patruus,
1290 2342 1328 2376 in
1348 2341 1507 2388 patriam

146 2409 284 2450 redux,
309 2406 485 2440 narrabat
515 2405 831 2452 quemadmodum
855 2403 1041 2439 Antonius
1067 2402 1223 2439 Athenis
1253 2409 1289 2438 et
1318 2402 1444 2438 Rhodi
1469 2414 1506 2437 se

146 2466 444 2502 doctissimorum
463 2466 655 2500 hominum
666 2465 896 2501 sermonibus
910 2464 1079 2500 dedisset.
1095 2466 1151 2499 Ita
1164 2465 1353 2498 Prustaeus.
1369 2464 1506 2497 Tamen

145 2527 211 2562 Th.
246 2527 429 2573 Gaillard,
462 2527 518 2561 vir
544 2538 630 2562 sane
658 2526 848 2561 latinitatis
880 2525 1139 2573 peritissimus,
1169 2524 1430 2570 interpretatus
1452 2527 1506 2557 est

149 2588 378 2632 decesserat,
400 2588 503 2636 quasi
523 2588 563 2622 L.
585 2587 715 2623 Cicero
741 2588 777 2622 in
799 2586 922 2622 Cilicia
950 2594 1040 2621 esset
1063 2586 1267 2621 defunctus.
