1843 3166
323 239 368 259 'Ao
838 221 895 254 Ι)Ῑ·’,
924 219 1156 253 ORATURF

323 310 429 366 ipsa,
456 317 497 349 et
526 306 845 360 mathematica,
877 314 914 347 et
944 321 1036 363 qua}
1063 301 1191 363 paulo
1219 311 1316 343 autc
1344 311 1580 343 ceterarum
1612 319 1678 343 ai*-

324 389 428 431 tium
469 387 644 447 propi-ia
685 386 888 445 posuisti,
934 384 1118 426 scientia:
1153 392 1248 424 sunt
1293 398 1462 434 corum,
1502 381 1574 439 qui
1614 379 1681 422 illa

324 467 594 526 profitentur.
654 465 870 508 lllustraw.
918 474 1060 506 autem
1111 464 1304 505 oratione
1353 463 1385 503 si
1440 462 1534 519 quis
1583 461 1682 503 istas

325 548 433 607 ipsas
460 558 572 591 artes
600 546 691 590 velit
708 582 718 598 ,
750 547 803 589 ad
828 546 1010 588 oratoris
1037 546 1073 587 ci
1100 542 1436 602 confugiendum
1462 552 1524 584 cst
1552 540 1683 583 facul-

327 638 466 670 tatem.

392 710 542 766 Ncquc
580 709 715 762 enim,
755 708 788 749 si
837 705 1059 749 Pliiloncm
1100 704 1220 747 illum
1263 704 1566 757 architectum,
1610 704 1681 761 qui

328 787 656 831 Atlwniensibus
684 787 1064 829 armamentarium
1094 786 1186 828 l'ccit
1203 819 1214 840 ,
1236 794 1423 836 constat,
1451 782 1684 843 perdiserte

330 866 488 926 populo
525 868 734 909 rationem
770 868 910 926 operis
946 867 1010 908 sui
1056 865 1311 921 reddidisse,
1350 863 1682 908 existimandum

327 956 412 998 cst,
441 947 660 989 architecti
690 948 831 1006 potius
858 946 1038 989 artificio
1064 945 1296 998 disertum,
1322 961 1452 1004 quam
1478 944 1682 989 oratoris,

330 1026 468 1069 fuisse.
501 1028 610 1081 Nec,
639 1028 671 1068 si
702 1027 800 1069 huic
828 1028 888 1069 M.
916 1027 1106 1069 Antonio
1139 1042 1216 1084 pro
1242 1016 1513 1067 Hermodoro
1538 1023 1686 1066 fuisset

329 1104 379 1146 dc
402 1104 617 1147 navalium
641 1122 770 1164 opere
792 1105 1040 1160 (licendum,
1064 1122 1171 1159 non,
1193 1121 1327 1163 quum
1348 1105 1400 1147 ab
1422 1103 1493 1146 illo
1513 1120 1686 1146 causam

329 1182 561 1239 didicisset,
581 1185 666 1242 ipse
686 1193 836 1226 ornate
860 1184 911 1226 de
929 1183 1067 1226 alieno
1090 1183 1269 1226 artificio
1289 1184 1543 1242 copioseque
1560 1182 1688 1225 dixis-

330 1261 419 1305 set?
448 1264 596 1321 Neque
624 1280 724 1306 vcro
750 1262 1020 1323 Asclepiades
1047 1265 1103 1320 is,
1131 1281 1217 1322 quo
1244 1280 1321 1306 nos
1342 1262 1508 1307 medico
1535 1264 1688 1307 amico—

330 1358 412 1400 que
439 1343 503 1385 usi
535 1359 703 1397 sumus,
732 1353 843 1398 tum,
870 1359 1006 1402 quum
1032 1342 1275 1402 eloquentia
1302 1343 1499 1385 vincebat
1523 1353 1686 1386 ceteros

331 1421 534 1478 mediCOS,
557 1423 599 1465 in
626 1439 675 1465 eo
702 1423 818 1482 ipso,
846 1422 962 1482 quod
989 1433 1140 1466 ornate
1165 1422 1353 1479 dicebat,
1380 1422 1600 1466 medicinae
1626 1422 1686 1465 fa-

332 1499 489 1544 cultate
512 1502 736 1557 utebatur,
758 1519 845 1545 non
866 1501 1132 1562 eloquentiae.

394 1582 533 1639 Atque
554 1580 656 1624 illud
677 1592 740 1625 est
760 1581 1042 1641 probabilius,
1062 1599 1201 1641 neque
1222 1593 1363 1626 tamen
1383 1599 1553 1638 verum,
1570 1583 1683 1642 quod

332 1660 524 1702 Socrates
545 1660 683 1703 dicere
709 1660 889 1717 solebat,
911 1679 1060 1705 omnes
1081 1664 1124 1705 in
1144 1679 1216 1717 eo,
1238 1662 1354 1721 quod
1381 1664 1540 1706 scirent
1565 1664 1685 1717 satis,

332 1755 420 1781 esse
447 1738 691 1798 eloquentes
722 1758 731 1783 ε
761 1739 866 1783 illud
903 1742 1065 1797 verius,
1092 1758 1230 1800 neque
1264 1759 1525 1801 quemquam
1560 1744 1603 1786 in
1637 1760 1687 1785 eo

332 1817 538 1861 disertum
561 1835 650 1862 esse
676 1836 798 1879 posse
819 1855 829 1874 ,
857 1821 974 1880 quod
1000 1822 1180 1877 nesciat,
1206 1839 1370 1881 neque,
1397 1823 1431 1865 si
1458 1822 1501 1865 id
1527 1824 1688 1883 optime

332 1898 463 1952 sciat,
499 1899 760 1959 ignarusque
795 1901 848 1943 sit
882 1900 1093 1945 faciunda:
1128 1918 1175 1944 ac
1211 1901 1418 1961 poliendae
1453 1904 1687 1960 orationis,

332 1975 486 2020 diserte
511 1977 553 2020 id
580 1979 721 2038 ipsum
748 1997 892 2039 posse,
915 1981 966 2024 de
992 1998 1078 2040 quo
1103 1983 1228 2037 sciat,
1257 1981 1408 2025 dicere.

391 2059 487 2100 XV.
523 2059 666 2115 Quam
693 2060 747 2102 ob
774 2077 888 2116 rem,
924 2062 958 2103 si
993 2062 1088 2120 quis
1118 2062 1361 2104 universam
1392 2072 1434 2104 et
1467 2063 1686 2121 propriam

332 2139 511 2181 oratoris
540 2139 627 2180 vim
653 2137 828 2182 definire
855 2139 1165 2199 complectique
1196 2139 1312 2197 vult,
1342 2142 1375 2184 is
1407 2150 1553 2184 orator
1583 2142 1687 2198 erit,

332 2233 424 2259 mea
449 2219 676 2274 sententia,
700 2218 780 2262 hoc
802 2229 890 2262 tam
915 2220 1034 2279 gravi
1060 2219 1215 2279 dignus
1236 2221 1430 2274 nomine,
1453 2221 1545 2279 qui,
1572 2237 1687 2281 quae-

332 2312 501 2356 cunque
526 2314 592 2341 res
621 2299 836 2354 inciderit,
869 2316 963 2359 quae
988 2301 1042 2343 sit
1070 2299 1255 2344 dictione
1281 2299 1554 2360 explicanda,
1581 2317 1687 2360 pru-

333 2375 502 2431 denter,
540 2388 581 2420 et
618 2380 876 2438 composite,
911 2390 952 2422 et
988 2391 1162 2435 ornate,
1195 2390 1237 2423 et
1268 2382 1516 2424 memoriter
1546 2380 1687 2437 dicat,

333 2472 429 2499 cum
451 2457 636 2516 quadam
661 2459 789 2500 etiam
820 2460 1001 2502 actionis
1034 2460 1253 2519 dignitate.

396 2537 470 2578 Sin
496 2538 682 2596 cuipiam
708 2539 834 2581 nimis
860 2539 1079 2582 infinitum
1099 2539 1293 2594 videtur,
1319 2541 1437 2600 quod
1456 2542 1512 2584 ita
1538 2543 1686 2601 posui,

334 2631 595 2675 quacunque
617 2617 670 2660 de
692 2634 759 2673 re,
781 2617 876 2661 licet
896 2619 1019 2675 hinc,
1045 2630 1257 2678 quantum
1281 2622 1436 2679 cuique
1455 2620 1684 2678 videbitur,
