1843 3166
323 167 392 210 306
818 166 880 199 DE
909 164 1146 199 ORATORE.

320 253 396 276 esse
420 239 505 275 civis
535 253 723 282 romanus,
752 241 836 287 quia
859 241 940 286 jure
964 251 1117 273 romano
1146 251 1253 273 nemo
1280 246 1441 285 poterat,
1462 245 1502 274 ut
1521 239 1570 274 ait
1589 241 1647 275 Ci-

322 314 426 344 cero,
440 314 508 348 pro
531 302 668 336 Cornel.
692 301 831 343 Balbo,
855 301 1009 335 duarum
1036 299 1222 334 civitatum
1243 299 1329 334 civis
1349 310 1435 335 csse.
1461 302 1591 334 Pnus'r.

375 363 446 407 Qui
469 363 608 397 domini
623 363 806 396 voluntate
829 374 953 396 census
977 361 1034 395 sit.
1057 360 1196 404 Quinto
1216 373 1365 406 quoque
1392 373 1488 395 anno
1516 373 1535 394 a
1560 372 1649 395 cen-

320 423 462 458 soribus
487 423 522 456 in
543 423 681 457 tabulas
708 422 966 456 deferebantur
989 422 1120 456 civium
1140 433 1373 455 romanorum
1394 428 1464 455 tam
1487 420 1653 463 nomina,

320 496 428 530 quam
449 495 546 529 opes.
565 483 602 518 Si
622 483 701 529 quis
721 483 888 516 dominus
908 490 992 516 tunc
1013 481 1185 528 temporis
1204 494 1306 516 servo
1327 494 1393 515 suo
1412 481 1592 527 permisit,
1613 489 1654 515 ut

320 543 356 577 in
377 544 508 578 civium
526 555 677 576 numero
698 544 742 576 ab
764 542 804 576 iis
824 542 1090 589 magistratibus
1102 549 1361 585 recenseretur,
1381 542 1409 576 is
1427 542 1520 576 liber
1539 541 1653 575 factus

321 610 391 645 est3
411 604 472 637 sed
493 603 586 637 inter
603 603 880 647 jurisconsultos
893 603 1137 648 quaerebatur,
1160 609 1281 636 utrum
1301 602 1499 646 continuis,
1527 601 1565 635 id
1585 608 1655 644 est,

321 677 363 697 eo
384 664 462 709 ipso
485 664 542 698 die
561 663 794 707 recensendi,
814 663 842 697 is
861 663 952 697 liber
971 670 1081 706 essct,
1100 675 1145 697 an
1165 662 1310 696 nonnisi
1329 669 1411 708 post
1432 670 1549 696 totum
1573 673 1655 696 cen-

320 737 397 757 sum
419 724 644 766 absolutum,
665 724 738 756 sive
766 725 919 756 lustrum
939 723 1127 757 conditum
1141 749 1150 764 ,
1171 722 1274 768 quod
1299 723 1450 757 solemni
1477 721 1652 757 sacrificio

321 783 521 817 liniebatur.
543 785 675 817 Pfflnc.
700 782 793 816 Vide
811 784 922 823 Um,
942 783 996 816 tit.
1023 795 1036 816 1
1050 809 1059 826 ,
1083 784 1168 828 Reg.
1191 781 1224 815 8.

373 844 485 877 Certis
505 842 717 889 quibusdam
751 843 879 876 verbis.
904 842 968 876 His
1002 842 1075 876 fere
1104 842 1243 884 verbis,
1274 853 1387 886 quum
1420 842 1475 875 vir
1504 854 1654 877 uxorem

320 903 554 949 repudiabat,
571 903 740 937 utebatur
759 915 766 936 :
788 918 801 932 τε
814 904 885 936 Res
905 909 984 937 tuas
1004 901 1070 936 tibi
1087 902 1241 945 habet03
1260 908 1340 935 tuas
1359 900 1426 935 tibi
1448 914 1504 936 res
1519 902 1654 949 agito.»

319 966 486 1007 Quorum
505 964 617 996 altero
632 962 788 997 restituit
801 962 945 1007 dotem,
959 964 1072 997 altero
1091 962 1223 996 tutoris
1242 973 1372 996 munus
1391 961 1429 995 in
1446 963 1555 997 rebus
1567 974 1658 996 uxo-

321 1024 380 1057 riis
400 1023 617 1068 deponebat.
639 1025 771 1057 Pnusr.

373 1084 479 1117 Novis
504 1084 652 1129 nuptiis.
678 1084 835 1118 Videtur
866 1084 895 1118 is
925 1084 989 1131 qui
1014 1083 1159 1131 nuptias
1183 1096 1266 1118 cum
1292 1086 1403 1120 altera
1428 1096 1544 1119 uxore
1570 1096 1655 1118 con-

319 1145 445 1187 trahit,
469 1145 629 1191 priorem
656 1146 850 1192 repudiare
877 1159 884 1180 :
911 1147 1008 1180 hunc
1034 1153 1153 1180 tamen
1181 1146 1329 1181 tacitum
1357 1157 1572 1180 consensum
1594 1156 1656 1179 re-

319 1206 495 1242 centiores
522 1206 723 1252 jurisperiti
751 1214 885 1253 negant
913 1206 1097 1251 sufficere,
1124 1206 1194 1240 nisi
1226 1214 1397 1253 praeterea
1422 1205 1539 1252 prima
1563 1217 1658 1239 uxor

319 1265 508 1311 repudiata
534 1266 643 1299 fuerit
662 1267 792 1301 nuntio
818 1267 945 1310 misso,
965 1267 1160 1313 verbisque
1179 1266 1349 1300 adhibitis
1376 1278 1456 1312 quae
1476 1276 1585 1311 supra
1604 1264 1657 1298 ci-

318 1333 451 1360 tantur.
471 1326 530 1360 Lis
548 1327 660 1373 igitur
678 1328 771 1371 haec,
797 1334 832 1361 et
853 1327 1101 1362 controversia
1132 1334 1225 1371 erat,
1246 1340 1291 1361 an
1308 1326 1449 1370 verbis,
1470 1338 1516 1359 an
1536 1331 1655 1359 mente

319 1387 414 1429 sola,
434 1392 468 1419 et
489 1387 594 1420 novis
611 1387 748 1432 nuptiis
767 1388 868 1421 factis
888 1388 1086 1422 divortium
1106 1387 1185 1422 fieri
1206 1394 1426 1422 censeretur.
1446 1389 1578 1421 Pnusr.

373 1447 456 1481 Cim
478 1447 574 1480 XLI.
600 1447 792 1492 Expositis
820 1459 844 1480 cz
870 1448 930 1482 Cn.
960 1446 1096 1482 Flavio.
1117 1450 1270 1483 «Posset
1300 1448 1357 1495 agi
1388 1449 1491 1494 lege,
1526 1459 1658 1491 necne,

322 1506 441 1552 inquit
465 1507 612 1549 Cicero,
627 1519 700 1551 pro
721 1508 874 1541 BIurena
890 1534 901 1549 ‚
927 1521 959 1542 11
972 1536 980 1551 ,
1006 1508 1114 1554 pauci
1134 1508 1321 1554 quondam
1340 1507 1510 1542 sciebant.
1536 1508 1563 1541 F
1566 1513 1660 1541 astos

319 1565 414 1599 enim
432 1566 545 1612 vulgo
563 1577 639 1598 non
651 1565 847 1598 habebant.
866 1567 978 1599 Erant
997 1567 1094 1600 enim
1113 1568 1150 1600 in
1169 1580 1299 1613 magna
1311 1567 1475 1613 potentia
1492 1567 1556 1613 qui
1568 1579 1659 1601 con-

321 1625 555 1667 sulebantur3
584 1636 604 1658 a
628 1624 761 1670 quibus
783 1624 890 1658 etiarn
919 1625 1012 1669 dies,
1033 1632 1207 1672 tanquam
1236 1638 1255 1660 a
1281 1627 1454 1660 Chaldaeis
1480 1627 1660 1671 peteban-

320 1692 389 1718 tur.
410 1685 583 1718 Inventus
603 1691 655 1718 est
678 1684 796 1718 scriba
817 1685 985 1730 quidam,
1009 1686 1074 1720 Cn.
1093 1685 1256 1729 Flavius,
1277 1685 1341 1732 qui
1361 1685 1547 1720 cornicum
1566 1698 1658 1720 ocu-

322 1746 375 1779 los
407 1743 599 1779 confixerit
636 1742 693 1792 (id
737 1751 788 1778 est
801 1771 810 1787 ,
849 1745 1047 1778 ostenderit
1082 1746 1284 1779 doctrinam
1319 1752 1482 1780 veterum
1517 1745 1662 1780 illorum

319 1805 664 1849 jurisconsultorum
687 1817 762 1838 non
798 1804 997 1839 admodum
1027 1806 1253 1840 reconditam
1280 1803 1424 1852 fuisse);
1452 1812 1487 1840 et
1513 1805 1662 1854 singulis

322 1864 451 1898 diebus
476 1865 690 1899 ediscendos
719 1865 828 1898 fastos
851 1866 993 1910 populo
1023 1865 1277 1911 proposuerit,
1298 1873 1334 1900 et
1364 1865 1409 1899 ab
1437 1865 1523 1912 ipsis
1549 1865 1662 1900 cautis

319 1924 586 1967 jurisconsultis
606 1937 732 1958 eorum
755 1924 968 1970 sapientiam
987 1925 1203 1972 compilarit.
1217 1941 1231 1956 »
1251 1925 1315 1959 Cn.
1339 1925 1404 1959 iste
1424 1924 1660 1971 Favius‚rpa-

321 1991 377 2018 tre
396 1985 568 2018 libertino
587 1992 714 2028 natus,
742 1985 791 2018 ob
811 1984 922 2019 fastos
942 1987 1084 2031 populo
1108 1986 1360 2033 promulgatos
1377 1984 1446 2019 fuit
1467 1985 1577 2019 aedilis
1599 1997 1660 2020 cu-

322 2045 408 2079 rulis
422 2057 441 2079 a
461 2045 597 2079 forensi
619 2046 727 2079 turba
748 2052 905 2088 creatus,
926 2058 956 2080 a.
976 2048 1021 2082 U.
1047 2048 1084 2081 C.
1103 2045 1188 2088 648.
1207 2046 1397 2089 L1vms‚l.
1417 2057 1474 2088 1x‚
1499 2052 1534 2079 et
1554 2047 1658 2080 POM-

322 2117 476 2149 Pomus,
502 2107 546 2139 de
571 2106 717 2151 On'gine
727 2105 836 2148 juris.
856 2108 986 2140 PRUST.

374 2166 457 2199 CAP.
484 2166 602 2199 XLII.
637 2167 744 2210 Quod
752 2166 836 2209 jam
857 2168 918 2201 diu
937 2168 1063 2214 cogito.
1083 2169 1163 2202 Hoc
1181 2168 1220 2201 in
1238 2179 1394 2213 persona
1415 2167 1532 2202 Crassi
1550 2168 1596 2202 de
1621 2180 1657 2203 se

324 2228 402 2273 ipso
425 2225 552 2260 Cicero
573 2225 694 2259 dicere
715 2226 862 2260 videtur
889 2239 897 2260 t
924 2240 1007 2261 eum
1034 2228 1129 2262 enim
1154 2227 1334 2273 scripsisse
1355 2227 1488 2261 librum
1508 2228 1553 2261 de
1571 2229 1656 2262 Jure

323 2287 418 2321 civili
442 2285 478 2318 in
503 2292 617 2319 artem
646 2285 847 2333 redigendo
870 2287 968 2321 testis
990 2294 1042 2322 est
1069 2289 1183 2321 Aulus
1203 2287 1354 2331 Gellius,
1379 2300 1413 2330 1,
1443 2299 1501 2321 22.
1526 2289 1656 2322 Pnnsrr.

372 2348 477 2380 ιῙιωτα
491 2344 586 2388 juris
611 2346 722 2379 civilis
748 2348 898 2381 scientia
922 2345 1068 2396 (vulgo,
1094 2354 1129 2382 et
1155 2349 1300 2382 Gruter.
1321 2346 1420 2397 ista).
1439 2349 1543 2382 Iusta
1567 2347 1658 2392 juris

324 2406 435 2442 civilis
454 2405 623 2449 scientia,
646 2405 683 2439 id
703 2413 773 2449 est,
802 2420 881 2453 quae
912 2406 1065 2451 sufficit,
1094 2408 1151 2442 cui
1175 2408 1265 2442 nihil
1287 2408 1387 2443 deest
1412 2408 1458 2442 ad
1482 2409 1657 2444 tuendum

323 2478 456 2501 nomen
469 2464 632 2499 scientiae.
645 2465 701 2499 Sic
721 2466 759 2499 in
773 2467 926 2502 Oratore
939 2494 950 2510 ‚
970 2481 1000 2502 c.
1021 2480 1083 2502 xm
1095 2496 1103 2512 ,
1120 2467 1221 2512 justa
1240 2468 1426 2502 excusatio
1440 2493 1450 2509 ,
1472 2467 1569 2502 idem
1591 2480 1659 2502 va-

324 2527 372 2561 let
394 2537 434 2560 ac
458 2523 540 2559 satis
558 2525 673 2569 bona;
699 2532 735 2560 et
755 2527 858 2573 epist.
885 2540 928 2561 10
942 2555 951 2572 ,
975 2528 1037 2563 lib.
1059 2540 1110 2572 11,
1132 2529 1184 2562 ad
1203 2528 1335 2562 Famil.
1347 2554 1358 2571 ‚
1386 2528 1540 2562 victoria
1553 2528 1659 2573 justa
