1843 3166
317 256 387 277 200
833 245 892 278 DE
922 245 1153 279 ORATORE

312 327 416 385 quid
452 328 774 387 responderint,
813 329 916 387 quid
944 329 1148 388 supersit,
1190 327 1401 385 iidemque
1434 321 1570 367 multa
1610 339 1659 365 ex

311 405 404 448 aliis
436 408 570 449 causis
602 407 834 466 aliquando
867 424 889 450 a
921 424 963 450 se
993 417 1111 458 acta,
1152 405 1285 449 multa
1314 404 1367 446 ab
1392 402 1484 446 aliis
1514 400 1660 446 andita

312 486 610 530 meminerunt.

373 566 522 621 Quare
554 566 762 609 confiteor
795 566 1015 625 equidem,
1048 567 1177 626 hujus
1207 566 1308 608 boni
1346 573 1542 607 naturam
1570 578 1659 605 esse

314 646 567 704 principem,
600 647 707 688 sicut
735 662 880 688 earum
906 662 1069 700 rerum,
1104 645 1155 688 de
1184 644 1339 703 quibus
1365 652 1465 686 ante
1492 641 1658 685 locutus

312 741 425 778 sum,
448 725 665 767 omnium:
692 725 763 768 scd
785 726 873 769 haec
888 741 955 768 ars
975 735 1063 768 tota
1078 724 1270 779 dicendi,
1293 724 1381 766 sive
1395 723 1497 766 artis
1517 722 1658 780 imago

313 803 505 861 quaedam
531 814 655 847 estet
688 804 948 860 similitudo,
979 805 1108 847 habet
1137 805 1247 846 hanc
1274 804 1386 858 vim,
1412 818 1499 844 non
1522 810 1571 843 ut
1592 810 1657 842 to-

314 892 404 925 tum
420 882 605 942 aliquid,
633 884 754 944 cujus
782 885 823 927 in
846 884 1026 944 ingeniis
1052 884 1210 926 nostris
1233 898 1330 942 pars
1352 880 1471 924 nulla
1492 881 1566 935 sit,
1587 895 1676 939 pa-·

310 962 389 1004 riat
413 972 453 1004 et
476 972 694 1021 procreet,
712 979 864 1006 verum
885 973 932 1006 ut
950 980 1023 1018 ca,
1050 979 1143 1022 quae
1167 972 1268 1005 sunt
1289 971 1383 1005 orta
1403 961 1492 1020 jam
1516 961 1559 1002 in
1579 974 1657 1001 no-

310 1041 372 1083 bis
402 1050 443 1083 et
466 1052 709 1100 procreata,
737 1043 887 1085 educet
916 1052 1044 1101 atque
1071 1041 1307 1085 confirmet.

373 1122 680 1164 Verumtamen
706 1138 844 1180 neque
871 1131 957 1164 tam
981 1123 1067 1165 acri
1090 1121 1295 1164 memoria
1326 1119 1412 1162 fere
1431 1119 1654 1178 quisquam

309 1209 397 1254 est,
425 1209 495 1255 ut,
524 1217 610 1243 non
647 1200 863 1259 dispositis
896 1201 1141 1259 notatisque
1167 1199 1316 1253 rebus,
1345 1197 1540 1241 ordinem
1565 1212 1658 1239 ver-

309 1279 464 1321 borum
488 1289 563 1321 aut
587 1280 894 1322 sententiarum
920 1278 1254 1338 complectatur;
1278 1293 1416 1336 neque
1443 1292 1542 1320 vero
1570 1285 1657 1318 tam

310 1358 472 1412 hebeti,
497 1367 544 1400 ut
569 1358 674 1400 nihil
698 1358 779 1401 hac
799 1358 1114 1401 consuetudine
1136 1367 1178 1400 et
1201 1356 1504 1400 exercitatione
1531 1354 1673 1418 adju--

312 1445 447 1478 vetur.
480 1436 600 1480 Vidit
629 1438 743 1479 enim
772 1437 854 1480 hoc
884 1437 1120 1497 prudenter
1151 1437 1239 1479 sive
1271 1434 1532 1490 Simonides,
1569 1435 1657 1477 sive

311 1514 418 1557 alius
456 1516 550 1572 quis
592 1516 778 1571 invenit,
817 1533 866 1559 ea
898 1517 1080 1559 maxime
1114 1516 1267 1558 animis
1300 1515 1445 1574 effingi
1479 1515 1655 1564 nostris,

309 1609 402 1650 quae
427 1603 566 1635 essent
590 1609 613 1635 a
639 1610 763 1636 sensu
797 1594 951 1638 tradita
980 1604 1108 1652 atque
1140 1595 1365 1652 impressa3
1401 1593 1655 1635 acerrimum

309 1680 452 1713 autern
472 1686 522 1713 ex
543 1671 744 1714 omnibus
767 1673 925 1714 nostris
945 1672 1139 1715 sensibus
1156 1688 1245 1714 esse
1264 1687 1436 1714 sensum
1453 1670 1624 1714 videndi
1646 1688 1654 1712 ;

308 1766 438 1808 quare
466 1749 667 1793 facillime
697 1752 840 1794 animo
867 1752 1000 1794 teneri
1024 1768 1145 1810 posse
1168 1767 1236 1806 ea,
1263 1767 1356 1809 quae
1382 1751 1655 1810 perciperen-

308 1837 376 1871 tur
396 1830 570 1872 auribus
591 1838 664 1872 aut
683 1830 960 1890 cogitatione,
984 1831 1018 1873 si
1044 1830 1170 1873 etiam
1194 1829 1417 1873 oculorum
1441 1845 1654 1873 commen-

308 1907 479 1951 datione
503 1909 656 1951 animis
682 1909 982 1965 traderentur,
1004 1918 1051 1951 ut
1074 1925 1140 1952 res
1161 1924 1312 1963 caecas,
1337 1918 1379 1951 et
1404 1908 1456 1950 ab
1481 1907 1653 1967 adspec-

307 1996 374 2029 tus
414 1987 572 2045 judicio
608 1998 814 2045 remotas,
850 1988 1134 2031 conformatio
1168 1987 1381 2047 quaedam,
1418 1996 1458 2030 et
1494 1989 1654 2046 imago,

303 2076 346 2109 et
376 2066 514 2126 figura
556 2069 612 2109 ita
641 2077 828 2122 notaret,
867 2077 913 2110 ut
943 2085 1009 2121 ea,
1052 2084 1145 2127 quae
1177 2067 1405 2128 cogitando
1430 2064 1654 2126 complecti

306 2161 392 2186 non
418 2161 662 2203 possemus,
685 2147 893 2190 intuendo
914 2148 1034 2206 quasi
1058 2157 1312 2190 teneremus.

365 2224 441 2265 His
470 2235 614 2267 autem
650 2225 799 2268 formis
831 2236 959 2285 atque
986 2226 1259 2286 corporibus,
1284 2226 1393 2268 sicut
1428 2225 1668 2281 omnibus,

300 2320 394 2362 quae
417 2304 496 2345 sub
525 2305 776 2364 adspectum
805 2307 1011 2362 veniunt,
1044 2306 1302 2348 admonetur
1327 2305 1533 2347 memoria
1554 2305 1666 2347 nos-'

298 2391 364 2425 tra
394 2392 521 2441 atque
548 2385 773 2440 excitatum
808 2385 879 2428 sed
911 2384 1016 2428 locis
1051 2401 1159 2444 opus
1182 2393 1244 2427 est
1271 2401 1279 2426 :
1315 2384 1473 2426 etenim
1497 2367 1668 2441 corpus*

299 2460 478 2520 intelligi
505 2463 595 2504 sine
614 2462 709 2505 loco
732 2480 817 2506 non
837 2473 992 2523 potest.
1017 2464 1165 2519 Quare
1183 2480 1235 2506 ne
1253 2464 1297 2505 in
1317 2478 1361 2505 re
1380 2472 1481 2505 nota
1501 2470 1542 2503 et
1559 2478 1651 2520 per-

299 2538 471 2598 vulgata
498 2539 659 2583 multus
682 2552 724 2583 et
750 2542 936 2585 insolens
962 2543 1061 2596 sim,
1090 2542 1193 2586 locis
1217 2552 1279 2584 est
1304 2540 1512 2584 utendum
1540 2539 1650 2582 mul-

299 2619 367 2673 tis,
394 2618 647 2674 illustribus,
661 2621 901 2680 explicatis,
922 2622 1099 2665 modicis
1117 2620 1373 2672 intervallis3
1396 2619 1650 2678 imaginibus
