1843 3166
774 268 922 304 LIBER
953 270 981 303 I.
1521 274 1563 310 51

186 349 452 395 incredibilis
494 350 713 410 quaedam,
746 362 790 395 et
825 369 961 413 prope
999 353 1235 413 singularis
1261 366 1302 400 et
1332 356 1479 402 divina
1506 362 1570 403 vis

186 432 349 493 ingenii
378 431 571 488 videtur,
600 433 770 476 etiamsi
809 434 891 477 hac
932 435 1114 478 scientia
1146 435 1257 495 juris
1297 438 1460 482 nudata
1490 441 1569 495 sit,

186 529 310 573 posse
344 529 388 556 se
419 510 545 555 facile
570 514 726 557 ceteris
754 515 885 557 armis
918 514 1164 575 prudentiae
1196 518 1308 560 tueri
1339 528 1470 578 atque
1497 519 1570 563 de-

184 592 371 637 fendere.
410 594 714 652 Quamobrem
750 595 822 639 hic
862 596 988 639 nobis
1026 597 1082 639 sit
1115 607 1323 658 exceptus
1358 615 1366 641 :
1405 609 1570 644 ceteros

185 691 286 718 vero
313 692 402 718 non
432 675 646 719 dubitabo
674 676 867 736 primum
889 677 1056 721 inertiae
1083 677 1377 722 condemnare
1398 690 1571 723 senten-

183 756 241 800 tia
274 772 390 813 mea,
416 766 515 817 post
539 758 668 801 etiam
699 757 994 819 impudentiae,

244 840 498 882 XXXVIII.
538 840 655 883 Nam
690 837 876 884 volitare
908 842 952 884 in
984 841 1105 898 foro,
1134 842 1298 887 haerere
1325 844 1369 886 in
1393 844 1492 904 jure
1523 862 1571 888 ac

181 929 418 980 praetorum
440 919 754 978 tribunalibus,
765 921 931 982 judicia
952 923 1123 984 privata
1138 941 1401 985 magnarum
1420 942 1567 971 rerum

179 1001 321 1058 obire,
351 1002 395 1044 in
423 1002 583 1062 quibus
611 1018 723 1064 saepe
750 1020 839 1047 non
865 1003 918 1047 de
949 1003 1089 1062 facto,
1119 1005 1192 1050 sed
1217 1005 1270 1050 de
1294 1008 1499 1067 {equitate
1519 1025 1570 1051 ac

176 1082 274 1142 jure
312 1093 520 1137 certetur,
557 1084 724 1144 jactare
761 1102 804 1128 se
842 1086 888 1129 in
916 1087 1056 1130 causis
1085 1087 1497 1138 centumviralibus,
1525 1090 1568 1132 in

178 1164 338 1223 quibus
361 1165 708 1225 usucapionum,
739 1165 996 1223 tutelarum,
1021 1167 1348 1228 gentilitatum,
1373 1171 1569 1231 agnatio-

178 1261 305 1300 num,
337 1244 631 1302 alluvionum,
668 1246 1090 1304 circumluvionum,
1129 1266 1369 1305 nexorum,
1399 1252 1569 1294 manci--

178 1326 352 1386 piorum
369 1361 380 1382 ,
411 1327 629 1386 parietum
647 1362 658 1384 ,
693 1326 912 1372 luminum
930 1364 940 1384 ,
956 1328 1303 1386 stillicidiorum,
1332 1340 1570 1375 testamen-

179 1416 326 1451 torum
352 1416 587 1467 ruptorum
619 1417 694 1452 aut
719 1418 940 1465 ratorum,
969 1419 1302 1471 ceterarumque
1329 1428 1477 1455 rerum
1503 1413 1567 1455 in-

178 1487 520 1533 numerabilium
537 1489 639 1549 jura
656 1499 900 1547 versentur,
915 1507 1055 1551 quum
1075 1492 1274 1547 omnino,
1296 1492 1404 1552 quid
1419 1509 1568 1549 suum,

179 1569 286 1630 quid
310 1568 523 1626 alienum,
553 1586 690 1630 quare
715 1569 905 1632 denique
933 1572 1041 1616 civis
1066 1582 1142 1616 aut
1169 1574 1450 1636 peregrinus,
1478 1590 1568 1617 ser—

178 1668 257 1695 vus
283 1661 362 1696 aut
384 1648 495 1695 liber
531 1651 750 1712 quispiam
782 1652 858 1709 sit,
884 1652 1081 1713 ignoret,
1116 1653 1301 1716 insignis
1332 1665 1397 1698 est
1427 1656 1570 1716 impu-

176 1730 345 1777 dentiae.

241 1813 321 1858 Illa
349 1832 451 1859 vero
482 1816 721 1862 deridenda
749 1820 1000 1881 arrogantia
1025 1828 1110 1877 est,
1145 1821 1190 1864 in
1215 1821 1461 1866 minoribus
1492 1839 1569 1866 na-

176 1896 303 1958 vigiis
332 1896 487 1942 rudem
513 1915 606 1943 esse
631 1916 674 1943 se
704 1898 924 1956 confiteri3
949 1901 1310 1962 quinqueremes,
1338 1912 1411 1945 aut
1439 1903 1566 1946 etiam

176 1977 386 2037 majores,
418 1979 666 2040 gubernare
697 1979 913 2024 didicisse.
940 1982 1007 2026 Tu
1036 1981 1145 2025 mihi
1172 1998 1309 2042 quum
1334 1984 1377 2025 in
1401 1982 1567 2027 circulo

178 2057 397 2119 decipiare
430 2059 668 2105 adversarii
705 2059 1087 2124 stipulatiuncula,
1121 2071 1162 2106 et
1189 2079 1327 2123 quum
1365 2064 1568 2124 obsignes

176 2138 358 2184 tabellas
388 2140 560 2186 clientis
587 2144 679 2199 tui,
705 2143 866 2204 quibus
888 2143 934 2186 in
970 2142 1140 2187 tabellis
1167 2143 1213 2187 id
1243 2146 1298 2188 sit
1329 2145 1566 2205 scriptum,

176 2236 264 2279 quo
296 2219 368 2265 ille
401 2224 622 2284 capiatur,
659 2241 741 2286 ego
778 2225 858 2268 tibi
887 2223 1022 2268 ullam
1049 2225 1261 2286 majorem
1291 2227 1568 2270 committen-

176 2299 277 2344 dam
304 2303 484 2362 putem?
517 2305 646 2349 citius
678 2305 860 2350 hercule
887 2306 941 2362 is,
971 2307 1046 2366 qui
1075 2306 1267 2350 duorum
1303 2306 1564 2351 scalmorum

176 2381 425 2427 naviculam
450 2385 495 2428 in
521 2397 654 2446 portu
682 2387 910 2444 everterit,
930 2388 975 2430 in
991 2388 1167 2432 Euxino
1183 2399 1321 2448 ponto
1338 2391 1566 2450 Argonau-

176 2472 321 2507 tarum
349 2480 506 2508 navem
527 2467 802 2526 gubernarit.

240 2544 394 2601 Quid?
428 2548 461 2592 si
501 2564 556 2590 ne
595 2565 739 2608 parvae
779 2548 956 2609 quidem
998 2567 1137 2594 causae
1180 2560 1302 2607 sunt,
1344 2550 1419 2593 sed
1456 2566 1566 2610 saepe

175 2625 393 2683 maximae,
423 2627 467 2671 in
494 2627 655 2688 quibus
689 2639 886 2673 certatur
916 2630 968 2674 de
999 2631 1098 2691 jure
1133 2630 1277 2686 civili3
1315 2630 1433 2690 quod
1469 2640 1565 2673 tan-

177 2703 275 2748 dem
317 2723 364 2750 os
399 2718 464 2752 est
496 2707 610 2752 illius
644 2710 841 2770 patroni,
874 2713 949 2771 qui
981 2712 1034 2755 ad
1069 2728 1139 2756 eas
1173 2725 1325 2755 causas
1352 2712 1444 2755 sine
1476 2710 1563 2755 ulla

1328 2790 1395 2842 [if
