1843 3166
285 193 354 240 Ῐ98
805 196 868 229 nr.
896 195 1135 232 oRATORE

280 278 475 321 omnium
495 279 812 339 cognitionem,
834 280 928 322 sine
945 296 1027 340 qua
1051 279 1242 323 laudatio
1256 277 1368 322 effici
1384 295 1470 322 non
1488 279 1639 338 possit,

279 373 370 400 esse
391 359 688 402 necessariam.

342 439 365 481 J
369 454 438 481 am
457 438 732 499 vituperandi
761 450 970 499 praecepta
996 441 1224 484 contrariis
1240 457 1289 484 ex
1306 440 1420 483 vitiis
1435 438 1642 482 sumenda

280 532 391 573 esse,
410 519 690 578 perspicuum
706 529 768 562 est
789 536 797 562 :
816 518 942 562 simul
958 530 1022 563 est
1044 519 1150 563 illud
1167 530 1266 563 ante
1284 518 1452 575 oculos,
1470 535 1547 562 nec
1569 518 1642 562 bo-

281 613 385 640 num
406 599 549 642 virum
578 599 752 658 proprie
781 609 823 642 et
859 601 1033 659 copiose
1070 599 1260 654 laudari,
1295 600 1387 642 sine
1414 600 1642 653 virtutum,

280 693 358 720 nec
375 678 621 736 improbum
646 679 786 721 notari
808 695 857 722 ac
872 680 1129 739 vituperari,
1155 679 1246 722 sine
1266 679 1471 722 vitiorum
1494 679 1643 738 cogni-

280 756 417 809 tione,
445 757 546 799 satis
576 757 780 818 insignite
803 766 933 819 atque
961 775 1111 819 aspere
1136 775 1273 818 posse.
1297 761 1442 818 Atque
1459 757 1644 801 hislocis

279 845 322 879 et
345 835 551 880 laudandi
589 845 634 881 et
660 838 936 899 vituperandi
966 855 1077 898 saepe
1106 839 1230 882 nobis
1265 848 1329 882 est
1361 837 1571 881 utendum
1600 838 1644 880 in

279 917 395 959 omni
415 933 572 977 genere
599 934 844 962 causarum.

343 997 539 1052 Habetis,
571 997 624 1040 de
659 998 926 1042 inveniendis
960 1000 1107 1055 rebus,
1142 997 1508 1059 disponendisque
1541 997 1645 1057 quid

279 1077 472 1137 sentiam.
497 1076 742 1138 Adjungam
769 1079 899 1121 etiam
926 1077 980 1121 de
1007 1080 1240 1134 memoria,
1265 1088 1314 1121 ut
1338 1076 1485 1121 labore
1517 1079 1645 1122 Cras-

278 1174 372 1200 sum
402 1156 559 1214 levem,
591 1174 734 1218 neque
755 1157 793 1206 ei
817 1159 1056 1219 quidquam
1079 1159 1217 1215 aliud,
1248 1158 1300 1202 de
1325 1174 1413 1218 quo
1442 1158 1645 1214 disserat,

278 1236 543 1297 relinquam,
574 1239 656 1281 nisi
684 1255 755 1295 ea,
783 1239 942 1299 quihus
970 1240 1062 1284 haec
1085 1248 1366 1283 exornentur.

341 1320 583 1363 LXXXVI.
606 1322 824 1379 ——Perge
861 1336 984 1376 vero,
1018 1321 1162 1380 inquit
1199 1321 1381 1364 Crassus
1419 1337 1428 1363 z
1461 1318 1648 1364 libenter

277 1398 390 1439 enim
427 1408 469 1440 te
497 1399 722 1458 cognitum
752 1399 842 1459 jam
876 1400 1106 1455 artificem,
1141 1399 1465 1460 aliquandoque
1502 1399 1648 1443 evolu-

278 1485 369 1519 tum
393 1476 477 1520 illis
504 1479 814 1538 integumentis
841 1479 1322 1533 dissimulationistuae,
1345 1479 1648 1539 nudatumque

276 1556 512 1615 pei-spimo3
538 1567 580 1599 et
601 1558 720 1616 quod
739 1559 846 1601 mihi
867 1559 998 1613 nihil,
1022 1569 1097 1602 aut
1117 1559 1234 1619 quod
1261 1575 1349 1602 non
1373 1557 1559 1607 multum
1583 1575 1646 1601 re-

276 1633 459 1694 linquis,
488 1636 797 1696 percommode
825 1637 929 1681 facis
943 1673 954 1695 ,
977 1648 1128 1698 estque
1149 1639 1256 1681 mihi
1276 1648 1463 1699 gratum.
1481 1641 1648 1682 —Jam

275 1714 387 1758 istuc
415 1726 628 1775 quantum
652 1717 730 1760 tibi
749 1734 830 1778 ego
852 1717 1124 1778 reliquerim,
1150 1719 1293 1778 inquit
1306 1718 1544 1775 Antonius,
1570 1719 1649 1761 erit

275 1793 318 1835 in
343 1803 415 1837 tua
446 1805 671 1855 potestate.
693 1798 737 1840 Si
760 1798 876 1841 enim
900 1815 1000 1842 vere
1025 1814 1152 1859 agere
1171 1797 1382 1852 volueris,
1399 1798 1546 1840 omnia
1567 1797 1646 1840 tibi

274 1872 496 1934 relinquo;
523 1876 588 1919 sin
606 1876 882 1921 dissimulare
896 1913 907 1933 ,
933 1888 1003 1933 tu,
1023 1877 1391 1937 quemadmodum
1407 1877 1472 1919 his
1488 1876 1649 1919 satisfa-

274 1955 382 2011 cias,
409 1955 585 1999 videris.

339 2034 443 2090 Sed,
469 2044 517 2077 ut
544 2035 599 2078 ad
626 2052 718 2078 rem
744 2036 938 2093 redeam,
974 2053 1062 2080 non
1088 2053 1183 2080 sum
1205 2045 1326 2079 tanto
1353 2052 1454 2096 ego,
1482 2036 1647 2095 inquit,

276 2114 474 2173 ingenio,
502 2124 668 2174 quanto
691 2116 1010 2160 Themistocles
1035 2117 1138 2172 fuit,
1161 2126 1210 2159 ut
1227 2115 1460 2159 oblivionis
1487 2125 1647 2172 artem,

273 2207 403 2250 quam
427 2193 666 2247 memoriae,
690 2193 859 2250 malim3
898 2197 1170 2256 gratiamque
1190 2194 1328 2239 babeo
1347 2194 1560 2238 Simonidi
1584 2193 1648 2237 illi

273 2272 380 2326 Ceo,
415 2288 545 2332 quem
573 2274 765 2333 primum
787 2274 932 2319 ferunt
954 2285 1091 2319 artem
1115 2276 1331 2319 memoriae
1357 2273 1600 2335 protulisse.

337 2352 504 2395 Dicunt
540 2355 680 2410 enim,
716 2372 851 2414 quum
887 2365 1077 2400 coenaret
1110 2357 1314 2400 Cranone
1345 2356 1389 2398 in
1425 2353 1647 2398 Thessalia

272 2431 517 2476 Simonides
539 2434 655 2494 apud
675 2437 885 2496 Scopam,
907 2437 1180 2480 fortunatum
1206 2437 1426 2479 hominem
1456 2444 1498 2477 et
1522 2433 1644 2477 nobi-

273 2509 378 2567 lem,
403 2513 717 2574 cecinissetque
747 2517 789 2559 id
810 2534 1006 2571 carmen,
1037 2517 1155 2577 quod
1183 2518 1226 2559 in
1254 2531 1353 2558 eum
1377 2514 1642 2573 scripsisset,

274 2591 314 2632 ἰιι
342 2592 459 2652 quod
489 2593 627 2637 multa
653 2597 836 2639 ornandi
865 2615 1016 2653 causa,
1042 2607 1269 2658 poetarum
1302 2611 1442 2650 more,
1469 2593 1512 2636 in
1537 2594 1640 2637 Cas-
