1843 3166
292 161 362 196 206
809 163 871 197 DE
901 164 1137 199 ORATORE

354 243 607 304 Deploravit
643 247 755 289 euim
779 264 923 291 casum
952 258 1080 308 atque
1103 249 1331 293 orbitatem
1350 260 1547 306 senatus;
1571 268 1643 295 cu-

287 324 356 383 jus
374 324 536 368 ordinis
557 342 579 369 a
594 325 789 381 consule,
817 329 890 386 qui
918 330 1038 388 quasi
1065 346 1218 389 parens
1239 329 1399 386 bonus,
1429 340 1504 374 aut
1524 340 1644 374 tutor

292 402 427 447 fidelis
450 421 538 448 esse
559 404 751 462 deberet,
778 415 980 466 tanquam
999 409 1052 451 ab
1080 408 1225 469 aliquo
1249 409 1412 453 nefario
1442 409 1643 469 praedone

291 482 548 543 diriperetur
569 486 876 545 patrimonium
897 486 1113 546 dignitatis
1139 505 1147 531 :
1174 505 1311 549 neque
1339 505 1437 532 vero
1458 506 1549 533 esse
1571 491 1644 532 mi-

291 563 497 620 randum,
522 566 576 620 si,
603 581 735 624 qumn
766 566 853 608 suis
880 566 1068 610 consiliis
1092 568 1401 629 rempublicam
1427 569 1643 630 profligas-

291 653 372 695 set,
396 643 621 688 consilium
647 656 817 689 senatus
840 663 862 689 a
889 646 1110 706 republica
1133 648 1390 708 repudiaret.
1414 651 1494 693 Hic
1509 666 1643 709 quum

292 723 454 765 homini
481 733 522 766 ct
555 725 818 780 vehementi,
849 734 890 768 et
926 726 1101 781 diserto,
1128 737 1169 770 et
1201 728 1243 770 in
1280 730 1428 788 primis
1464 730 1565 772 forti
1591 730 1643 773 ad

290 803 594 860 resistendum,
628 804 848 865 Philippo,
884 806 1004 865 quasi
1031 806 1238 866 quasdam
1263 808 1496 852 verborum
1532 809 1644 853 faces

291 882 569 939 admovisset,
597 901 683 929 non
710 885 808 929 tulit
840 884 929 940 ille,
961 895 1004 929 et
1040 887 1228 947 graviter
1249 889 1424 943 exarsit,
1457 889 1646 950 pignori-

291 962 454 1023 busque
477 964 628 1008 ablatis
658 968 859 1009 Crassum
886 966 1073 1009 instituit
1100 983 1310 1011 coercere.

353 1044 454 1099 Quo
490 1044 663 1104 quidem
699 1046 791 1105 ipso
828 1046 870 1088 in
909 1045 1002 1089 loco
1035 1046 1169 1090 multa
1197 1064 1220 1091 a
1257 1050 1411 1091 Crasso
1440 1048 1645 1093 divinitus

291 1122 403 1166 dieta
425 1123 729 1181 efferebantur,
754 1141 888 1184 quum
911 1126 992 1169 sibi
1013 1125 1135 1170 illum
1159 1125 1381 1170 consulem
1406 1144 1496 1171 esse
1522 1145 1647 1189 nega-

294 1212 375 1259 ret,
407 1204 476 1247 cui
501 1215 672 1249 senator
698 1206 787 1266 ipse
809 1222 896 1249 non
924 1215 1056 1250 esset:
1079 1226 1100 1247 «
1118 1208 1184 1252 An
1213 1217 1280 1264 tu,
1309 1224 1442 1267 quum
1474 1225 1646 1252 omnem

292 1302 311 1323 «
331 1286 630 1329 auctoritatem
678 1287 867 1330 universi
905 1286 1070 1330 ordinis
1108 1304 1188 1347 pro
1234 1288 1416 1348 pignore
1461 1289 1646 1348 putaris,

292 1381 504 1424 «eamque
535 1366 578 1408 in
609 1376 841 1426 conspectu
873 1365 1023 1426 populi
1052 1383 1158 1410 rom.
1188 1368 1445 1423 concideris,
1482 1385 1550 1411 me
1581 1369 1647 1412 his

293 1463 311 1483 «
332 1445 584 1504 pignoribus
616 1447 829 1490 existimas
856 1463 981 1507 posse
1012 1446 1192 1491 terreri?
1224 1449 1323 1491 Non
1353 1448 1429 1491 tibi
1456 1448 1526 1491 illa
1549 1459 1648 1492 sunt

292 1525 610 1581 «concidenda,
637 1528 670 1569 si
695 1529 898 1571 Crassum
924 1529 987 1570 vis
1018 1544 1238 1571 coercere:
1264 1529 1353 1572 haee
1384 1529 1459 1572 tihi
1492 1539 1556 1572 est
1579 1546 1649 1572 ex-

293 1623 312 1643 «
330 1603 508 1647 eidenda
532 1604 698 1665 lingua3
730 1622 815 1665 qua
839 1605 907 1648 vel
930 1605 1098 1660 evulsa,
1126 1608 1280 1666 spiritu
1306 1609 1399 1667 ipso
1427 1608 1647 1652 libidinem

292 1693 447 1727 «tuam
468 1684 643 1729 libertas
667 1702 763 1729 mea
786 1686 1043 1730 refutabit.»

355 1767 410 1808 ΙΙ.
437 1766 655 1810 Permulta
675 1777 767 1810 tum
793 1768 1169 1811 vehementissima
1196 1770 1473 1813 contentione
1495 1770 1648 1827 animi,

297 1844 476 1905 ingenii,
498 1847 681 1902 virium,
709 1847 762 1890 ab
785 1863 835 1890 eo
857 1847 971 1890 dicta
992 1864 1080 1891 esse
1102 1849 1349 1904 constabat3
1379 1851 1650 1893 sententiam-

294 1940 376 1983 que
393 1941 507 1981 eam,
532 1943 661 1985 quam
679 1937 852 1971 senatus
870 1927 1072 1986 frequens
1095 1937 1264 1971 secutus
1285 1939 1348 1971 est
1365 1930 1647 1973 ornatissimis

295 2014 336 2048 et
352 2007 610 2066 gravissimis
624 2007 786 2063 verbis,
807 2026 827 2047 α
840 2010 900 2051 Ut
915 2006 1076 2067 populo
1089 2024 1267 2051 romano
1282 2008 1522 2064 satisfieret,
1543 2026 1650 2053 nun-

295 2103 423 2145 quam
445 2098 617 2131 senatus
640 2104 780 2147 neque
807 2086 1035 2130 consilium
1060 2087 1324 2148 reipublicae,
1357 2105 1494 2148 neque
1522 2089 1647 2132 fidem

296 2165 500 2221 defuisse,
515 2186 534 2206 »
554 2167 606 2210 ab
627 2183 676 2210 eo
701 2166 880 2223 dictam3
900 2177 942 2210 et
964 2167 1161 2211 eumdem
1177 2167 1243 2228 (id
1264 2168 1380 2227 quod
1400 2169 1441 2211 in
1464 2170 1648 2212 auctori-

299 2246 458 2288 tatibus
484 2247 744 2306 praescriptis
763 2248 923 2307 exstat)
943 2247 1168 2291 scribendo
1182 2248 1378 2292 adfuisse.

361 2324 441 2368 Illa
460 2336 664 2386 tanquam
681 2344 839 2387 cycnea
864 2328 945 2371 fuit
963 2328 1096 2371 divini
1122 2328 1308 2371 hominis
1328 2345 1411 2372 vox
1433 2338 1474 2372 et
1489 2330 1648 2384 oratio,

301 2421 429 2464 quam
445 2406 564 2465 quasi
584 2417 895 2466 exspectanteS,
914 2416 1010 2466 post
1028 2407 1119 2465 ejus
1135 2408 1355 2450 interitum
1374 2407 1649 2450 veniebamus

302 2485 344 2527 in
370 2487 554 2539 curiam,
581 2495 629 2528 ut
650 2487 877 2546 vestigium
903 2485 1008 2529 illud
1031 2487 1191 2545 ipsum,
1214 2487 1257 2529 in
1284 2503 1370 2546 quo
1395 2485 1464 2528 ille
1490 2496 1650 2546 postre-

304 2581 422 2607 mum
444 2566 684 2622 institisset,
707 2577 1029 2610 contueremur.
1049 2567 1248 2624 Namque
1274 2577 1365 2608 tum
1388 2564 1498 2608 latus
1521 2567 1558 2609 ei
1584 2565 1648 2608 di-
