<?xml version="1.0" encoding="UTF-8"?>
<!DOCTYPE html PUBLIC "-//W3C//DTD XHTML 1.0 Transitional//EN"
    "http://www.w3.org/TR/xhtml1/DTD/xhtml1-transitional.dtd">
<html xmlns="http://www.w3.org/1999/xhtml" xml:lang="en" lang="en">
 <head>
  <title>
</title>
<meta http-equiv="Content-Type" content="text/html;charset=utf-8" />
  <meta name='ocr-system' content='tesseract 3.04.00' />
  <meta name='ocr-capabilities' content='ocr_page ocr_carea ocr_par ocr_line ocrx_word'/>
</head>
<body>
  <div class='ocr_page' id='page_1' title='image "./deoratorelibritr00ciceuoft_0084.png"; bbox 0 0 1843 3166; ppageno 0'>
   <div class='ocr_carea' id='block_1_1' title="bbox 813 211 1141 246">
    <p class='ocr_par' dir='ltr' id='par_1_1' title="bbox 813 211 1141 246">
     <span class='ocr_line' id='line_1_1' title="bbox 813 211 1141 246; baseline 0.006 -2"><span class='ocrx_word' id='word_1_1' title='bbox 813 212 875 245; x_wconf 67' lang='lat' dir='ltr'>DE</span> <span class='ocrx_word' id='word_1_2' title='bbox 904 211 1141 246; x_wconf 70' lang='lat' dir='ltr'>ORATORE</span> 
     </span>
    </p>
   </div>
   <div class='ocr_carea' id='block_1_2' title="bbox 292 295 1667 2615">
    <p class='ocr_par' dir='ltr' id='par_1_2' title="bbox 292 295 1659 596">
     <span class='ocr_line' id='line_1_2' title="bbox 292 295 1657 356; baseline 0.004 -20"><span class='ocrx_word' id='word_1_3' title='bbox 292 295 441 338; x_wconf 90' lang='lat' dir='ltr'>videri.</span> <span class='ocrx_word' id='word_1_4' title='bbox 477 298 589 356; x_wconf 77' lang='lat' dir='ltr'>Ergo</span> <span class='ocrx_word' id='word_1_5' title='bbox 626 295 697 338; x_wconf 81' lang='lat' dir='ltr'>ille</span> <span class='ocrx_word' id='word_1_6' title='bbox 732 314 905 356; x_wconf 81' lang='lat' dir='ltr'>quoque</span> <span class='ocrx_word' id='word_1_7' title='bbox 939 296 1166 339; x_wconf 79' lang='lat' dir='ltr'>damnatus</span> <span class='ocrx_word' id='word_1_8' title='bbox 1205 307 1265 339; x_wconf 83' lang='lat' dir='ltr'>est</span> <span class='ocrx_word' id='word_1_9' title='bbox 1294 314 1302 338; x_wconf 89' lang='lat'>:</span> <span class='ocrx_word' id='word_1_10' title='bbox 1342 314 1479 356; x_wconf 83' lang='lat' dir='ltr'>neque</span> <span class='ocrx_word' id='word_1_11' title='bbox 1520 297 1657 341; x_wconf 85' lang='lat' dir='ltr'>solum</span> 
     </span>
     <span class='ocr_line' id='line_1_3' title="bbox 294 375 1658 435; baseline 0.003 -19"><span class='ocrx_word' id='word_1_12' title='bbox 294 375 442 433; x_wconf 88' lang='lat' dir='ltr'>primis</span> <span class='ocrx_word' id='word_1_13' title='bbox 481 377 733 427; x_wconf 77' lang='lat' dir='ltr'><strong>sententiis,</strong></span> <span class='ocrx_word' id='word_1_14' title='bbox 778 376 937 435; x_wconf 85' lang='lat' dir='ltr'>quibus</span> <span class='ocrx_word' id='word_1_15' title='bbox 980 386 1149 419; x_wconf 87' lang='lat' dir='ltr'>tantum</span> <span class='ocrx_word' id='word_1_16' title='bbox 1187 377 1435 419; x_wconf 77' lang='lat' dir='ltr'>statuebant</span> <span class='ocrx_word' id='word_1_17' title='bbox 1469 376 1658 435; x_wconf 84' lang='lat' dir='ltr'>judices,</span> 
     </span>
     <span class='ocr_line' id='line_1_4' title="bbox 292 454 1659 516; baseline 0.002 -19"><span class='ocrx_word' id='word_1_18' title='bbox 292 454 570 507; x_wconf 78' lang='lat' dir='ltr'>damnarent,</span> <span class='ocrx_word' id='word_1_19' title='bbox 591 473 644 499; x_wconf 86' lang='lat' dir='ltr'>an</span> <span class='ocrx_word' id='word_1_20' title='bbox 671 456 964 509; x_wconf 76' lang='lat' dir='ltr'>absolverent,</span> <span class='ocrx_word' id='word_1_21' title='bbox 988 456 1058 498; x_wconf 75' lang='lat' dir='ltr'>sed</span> <span class='ocrx_word' id='word_1_22' title='bbox 1085 458 1214 499; x_wconf 79' lang='lat' dir='ltr'>etiam</span> <span class='ocrx_word' id='word_1_23' title='bbox 1242 455 1341 511; x_wconf 85' lang='lat' dir='ltr'>illis,</span> <span class='ocrx_word' id='word_1_24' title='bbox 1367 473 1473 516; x_wconf 86' lang='lat' dir='ltr'>quas</span> <span class='ocrx_word' id='word_1_25' title='bbox 1502 458 1659 500; x_wconf 87' lang='lat' dir='ltr'>iterum</span> 
     </span>
     <span class='ocr_line' id='line_1_5' title="bbox 294 534 844 596; baseline 0.002 -19"><span class='ocrx_word' id='word_1_26' title='bbox 294 534 459 596; x_wconf 85' lang='lat' dir='ltr'>legibus</span> <span class='ocrx_word' id='word_1_27' title='bbox 487 536 598 579; x_wconf 76' lang='lat' dir='ltr'>serre</span> <span class='ocrx_word' id='word_1_28' title='bbox 616 537 844 580; x_wconf 79' lang='lat' dir='ltr'>debebant.</span> 
     </span>
    </p>

    <p class='ocr_par' dir='ltr' id='par_1_3' title="bbox 292 616 1664 1242">
     <span class='ocr_line' id='line_1_6' title="bbox 358 616 1660 677; baseline 0.001 -18"><span class='ocrx_word' id='word_1_29' title='bbox 358 620 461 660; x_wconf 86' lang='lat' dir='ltr'>Erat</span> <span class='ocrx_word' id='word_1_30' title='bbox 493 619 606 660; x_wconf 86' lang='lat' dir='ltr'>enim</span> <span class='ocrx_word' id='word_1_31' title='bbox 645 618 851 668; x_wconf 79' lang='lat' dir='ltr'>Athenis,</span> <span class='ocrx_word' id='word_1_32' title='bbox 885 635 959 660; x_wconf 78' lang='lat' dir='ltr'>reo</span> <span class='ocrx_word' id='word_1_33' title='bbox 994 618 1222 672; x_wconf 89' lang='lat' dir='ltr'>damnato,</span> <span class='ocrx_word' id='word_1_34' title='bbox 1253 618 1284 659; x_wconf 85' lang='lat' dir='ltr'>si</span> <span class='ocrx_word' id='word_1_35' title='bbox 1321 618 1437 661; x_wconf 83' lang='lat' dir='ltr'>fraus</span> <span class='ocrx_word' id='word_1_36' title='bbox 1467 616 1660 677; x_wconf 85' lang='lat' dir='ltr'>capitalis</span> 
     </span>
     <span class='ocr_line' id='line_1_7' title="bbox 293 699 1659 759; baseline 0.001 -19"><span class='ocrx_word' id='word_1_37' title='bbox 293 715 380 741; x_wconf 88' lang='lat' dir='ltr'>non</span> <span class='ocrx_word' id='word_1_38' title='bbox 405 709 531 751; x_wconf 82' lang='lat' dir='ltr'>esset,</span> <span class='ocrx_word' id='word_1_39' title='bbox 559 701 678 758; x_wconf 83' lang='lat' dir='ltr'>quasi</span> <span class='ocrx_word' id='word_1_40' title='bbox 705 716 841 759; x_wconf 71' lang='lat' dir='ltr'>poenae</span> <span class='ocrx_word' id='word_1_41' title='bbox 858 700 1110 751; x_wconf 58' lang='lat' dir='ltr'>aestimatio,</span> <span class='ocrx_word' id='word_1_42' title='bbox 1136 709 1176 742; x_wconf 92' lang='lat' dir='ltr'>et</span> <span class='ocrx_word' id='word_1_43' title='bbox 1197 699 1410 742; x_wconf 86' lang='lat' dir='ltr'>sententia</span> <span class='ocrx_word' id='word_1_44' title='bbox 1432 716 1567 758; x_wconf 89' lang='lat' dir='ltr'>quum</span> <span class='ocrx_word' id='word_1_45' title='bbox 1588 699 1659 758; x_wconf 85' lang='lat' dir='ltr'>jn-</span> 
     </span>
     <span class='ocr_line' id='line_1_8' title="bbox 293 778 1662 839; baseline 0.001 -19"><span class='ocrx_word' id='word_1_46' title='bbox 293 779 460 821; x_wconf 84' lang='lat' dir='ltr'>dicibus</span> <span class='ocrx_word' id='word_1_47' title='bbox 490 778 687 831; x_wconf 84' lang='lat' dir='ltr'>daretur,</span> <span class='ocrx_word' id='word_1_48' title='bbox 720 780 1070 839; x_wconf 81' lang='lat' dir='ltr'>interrogabatur</span> <span class='ocrx_word' id='word_1_49' title='bbox 1096 795 1212 833; x_wconf 87' lang='lat' dir='ltr'>reus,</span> <span class='ocrx_word' id='word_1_50' title='bbox 1241 795 1371 838; x_wconf 88' lang='lat' dir='ltr'>quam</span> <span class='ocrx_word' id='word_1_51' title='bbox 1401 778 1523 838; x_wconf 88' lang='lat' dir='ltr'>quasi</span> <span class='ocrx_word' id='word_1_52' title='bbox 1548 779 1662 822; x_wconf 83' lang='lat' dir='ltr'>aesti-</span> 
     </span>
     <span class='ocr_line' id='line_1_9' title="bbox 293 860 1661 919; baseline 0 -17"><span class='ocrx_word' id='word_1_53' title='bbox 293 861 528 903; x_wconf 85' lang='lat' dir='ltr'>mationem</span> <span class='ocrx_word' id='word_1_54' title='bbox 565 862 873 903; x_wconf 71' lang='lat' dir='ltr'>commeruisse</span> <span class='ocrx_word' id='word_1_55' title='bbox 903 878 946 903; x_wconf 83' lang='lat' dir='ltr'>se</span> <span class='ocrx_word' id='word_1_56' title='bbox 979 861 1164 904; x_wconf 79' lang='lat' dir='ltr'>maxime</span> <span class='ocrx_word' id='word_1_57' title='bbox 1195 860 1475 903; x_wconf 81' lang='lat' dir='ltr'>confiteretur</span> <span class='ocrx_word' id='word_1_58' title='bbox 1504 876 1512 901; x_wconf 91' lang='lat'>:</span> <span class='ocrx_word' id='word_1_59' title='bbox 1546 860 1661 919; x_wconf 90' lang='lat' dir='ltr'>quod</span> 
     </span>
     <span class='ocr_line' id='line_1_10' title="bbox 294 940 1664 1002; baseline -0.001 -19"><span class='ocrx_word' id='word_1_60' title='bbox 294 958 428 999; x_wconf 89' lang='lat' dir='ltr'>quum</span> <span class='ocrx_word' id='word_1_61' title='bbox 464 942 755 1002; x_wconf 82' lang='lat' dir='ltr'>interrogatus</span> <span class='ocrx_word' id='word_1_62' title='bbox 784 943 982 985; x_wconf 82' lang='lat' dir='ltr'>Socrates</span> <span class='ocrx_word' id='word_1_63' title='bbox 1018 952 1151 995; x_wconf 82' lang='lat' dir='ltr'>esset,</span> <span class='ocrx_word' id='word_1_64' title='bbox 1181 940 1425 1001; x_wconf 87' lang='lat' dir='ltr'>respondit,</span> <span class='ocrx_word' id='word_1_65' title='bbox 1457 957 1547 984; x_wconf 87' lang='lat' dir='ltr'>sese</span> <span class='ocrx_word' id='word_1_66' title='bbox 1576 957 1664 982; x_wconf 85' lang='lat' dir='ltr'>me-</span> 
     </span>
     <span class='ocr_line' id='line_1_11' title="bbox 293 1021 1662 1081; baseline 0 -18"><span class='ocrx_word' id='word_1_67' title='bbox 293 1023 448 1075; x_wconf 84' lang='lat' dir='ltr'>ruisse,</span> <span class='ocrx_word' id='word_1_68' title='bbox 472 1031 519 1063; x_wconf 88' lang='lat' dir='ltr'>ut</span> <span class='ocrx_word' id='word_1_69' title='bbox 539 1021 815 1080; x_wconf 78' lang='lat' dir='ltr'>amplissimis</span> <span class='ocrx_word' id='word_1_70' title='bbox 835 1023 1077 1065; x_wconf 76' lang='lat' dir='ltr'>honoribus</span> <span class='ocrx_word' id='word_1_71' title='bbox 1098 1033 1140 1065; x_wconf 90' lang='lat' dir='ltr'>et</span> <span class='ocrx_word' id='word_1_72' title='bbox 1162 1024 1347 1081; x_wconf 74' lang='lat' dir='ltr'>praemiis</span> <span class='ocrx_word' id='word_1_73' title='bbox 1367 1022 1662 1073; x_wconf 74' lang='lat' dir='ltr'>decoraretur,</span> 
     </span>
     <span class='ocr_line' id='line_1_12' title="bbox 293 1101 1663 1161; baseline -0.001 -17"><span class='ocrx_word' id='word_1_74' title='bbox 293 1112 335 1144; x_wconf 92' lang='lat' dir='ltr'>et</span> <span class='ocrx_word' id='word_1_75' title='bbox 365 1103 402 1144; x_wconf 91' lang='lat' dir='ltr'>ei</span> <span class='ocrx_word' id='word_1_76' title='bbox 434 1103 571 1145; x_wconf 88' lang='lat' dir='ltr'>victus</span> <span class='ocrx_word' id='word_1_77' title='bbox 600 1101 883 1160; x_wconf 86' lang='lat' dir='ltr'>quotidianus</span> <span class='ocrx_word' id='word_1_78' title='bbox 918 1103 961 1144; x_wconf 87' lang='lat' dir='ltr'>in</span> <span class='ocrx_word' id='word_1_79' title='bbox 997 1104 1212 1161; x_wconf 82' lang='lat' dir='ltr'>Prytaneo</span> <span class='ocrx_word' id='word_1_80' title='bbox 1241 1101 1411 1161; x_wconf 88' lang='lat' dir='ltr'>publice</span> <span class='ocrx_word' id='word_1_81' title='bbox 1451 1102 1663 1161; x_wconf 76' lang='lat' dir='ltr'>praebere-</span> 
     </span>
     <span class='ocr_line' id='line_1_13' title="bbox 292 1182 1451 1242; baseline -0.001 -18"><span class='ocrx_word' id='word_1_82' title='bbox 292 1192 383 1237; x_wconf 79' lang='lat' dir='ltr'>tur3</span> <span class='ocrx_word' id='word_1_83' title='bbox 408 1183 482 1241; x_wconf 88' lang='lat' dir='ltr'>qui</span> <span class='ocrx_word' id='word_1_84' title='bbox 507 1182 645 1225; x_wconf 81' lang='lat' dir='ltr'>honos</span> <span class='ocrx_word' id='word_1_85' title='bbox 671 1182 786 1242; x_wconf 84' lang='lat' dir='ltr'>apud</span> <span class='ocrx_word' id='word_1_86' title='bbox 811 1183 988 1224; x_wconf 80' lang='lat' dir='ltr'>Graecos</span> <span class='ocrx_word' id='word_1_87' title='bbox 1014 1183 1226 1224; x_wconf 88' lang='lat' dir='ltr'>maximus</span> <span class='ocrx_word' id='word_1_88' title='bbox 1254 1182 1451 1224; x_wconf 83' lang='lat' dir='ltr'>liabetur.</span> 
     </span>
    </p>

    <p class='ocr_par' dir='ltr' id='par_1_4' title="bbox 294 1262 1666 2130">
     <span class='ocr_line' id='line_1_14' title="bbox 358 1262 1664 1322; baseline -0.002 -16"><span class='ocrx_word' id='word_1_89' title='bbox 358 1263 494 1321; x_wconf 89' lang='lat' dir='ltr'>Cujus</span> <span class='ocrx_word' id='word_1_90' title='bbox 523 1279 733 1322; x_wconf 85' lang='lat' dir='ltr'>responso</span> <span class='ocrx_word' id='word_1_91' title='bbox 759 1263 819 1305; x_wconf 87' lang='lat' dir='ltr'>sic</span> <span class='ocrx_word' id='word_1_92' title='bbox 835 1262 1003 1321; x_wconf 85' lang='lat' dir='ltr'>judices</span> <span class='ocrx_word' id='word_1_93' title='bbox 1029 1270 1306 1317; x_wconf 83' lang='lat' dir='ltr'>exarserunt,</span> <span class='ocrx_word' id='word_1_94' title='bbox 1334 1272 1379 1304; x_wconf 87' lang='lat' dir='ltr'>ut</span> <span class='ocrx_word' id='word_1_95' title='bbox 1406 1262 1557 1322; x_wconf 87' lang='lat' dir='ltr'>capitis</span> <span class='ocrx_word' id='word_1_96' title='bbox 1588 1262 1664 1305; x_wconf 91' lang='lat' dir='ltr'>ho—</span> 
     </span>
     <span class='ocr_line' id='line_1_15' title="bbox 295 1342 1663 1402; baseline 0 -17"><span class='ocrx_word' id='word_1_97' title='bbox 295 1344 456 1386; x_wconf 89' lang='lat' dir='ltr'>minem</span> <span class='ocrx_word' id='word_1_98' title='bbox 487 1343 890 1386; x_wconf 77' lang='lat' dir='ltr'>innocentissinunn</span> <span class='ocrx_word' id='word_1_99' title='bbox 919 1342 1273 1385; x_wconf 82' lang='lat' dir='ltr'>condemnarent.</span> <span class='ocrx_word' id='word_1_100' title='bbox 1307 1343 1397 1399; x_wconf 84' lang='lat' dir='ltr'>Qui</span> <span class='ocrx_word' id='word_1_101' title='bbox 1424 1342 1600 1402; x_wconf 90' lang='lat' dir='ltr'>quidem</span> <span class='ocrx_word' id='word_1_102' title='bbox 1629 1344 1663 1385; x_wconf 87' lang='lat' dir='ltr'>si</span> 
     </span>
     <span class='ocr_line' id='line_1_16' title="bbox 294 1421 1664 1483; baseline -0.001 -17"><span class='ocrx_word' id='word_1_103' title='bbox 294 1423 518 1466; x_wconf 86' lang='lat' dir='ltr'>absolutus</span> <span class='ocrx_word' id='word_1_104' title='bbox 553 1434 689 1479; x_wconf 77' lang='lat' dir='ltr'>esset3</span> <span class='ocrx_word' id='word_1_105' title='bbox 718 1423 835 1483; x_wconf 89' lang='lat' dir='ltr'>quod</span> <span class='ocrx_word' id='word_1_106' title='bbox 871 1422 1144 1479; x_wconf 80' lang='lat' dir='ltr'>mehercule,</span> <span class='ocrx_word' id='word_1_107' title='bbox 1173 1424 1339 1466; x_wconf 84' lang='lat' dir='ltr'>etiamsi</span> <span class='ocrx_word' id='word_1_108' title='bbox 1368 1421 1476 1466; x_wconf 90' lang='lat' dir='ltr'>nihil</span> <span class='ocrx_word' id='word_1_109' title='bbox 1508 1421 1561 1466; x_wconf 90' lang='lat' dir='ltr'>ad</span> <span class='ocrx_word' id='word_1_110' title='bbox 1586 1440 1664 1465; x_wconf 87' lang='lat' dir='ltr'>nos</span> 
     </span>
     <span class='ocr_line' id='line_1_17' title="bbox 296 1502 1663 1565; baseline -0.001 -18"><span class='ocrx_word' id='word_1_111' title='bbox 296 1506 514 1564; x_wconf 87' lang='lat' dir='ltr'>pertinet,</span> <span class='ocrx_word' id='word_1_112' title='bbox 560 1515 705 1548; x_wconf 89' lang='lat' dir='ltr'>tamen</span> <span class='ocrx_word' id='word_1_113' title='bbox 752 1515 930 1564; x_wconf 86' lang='lat' dir='ltr'>propter</span> <span class='ocrx_word' id='word_1_114' title='bbox 975 1505 1067 1564; x_wconf 89' lang='lat' dir='ltr'>ejus</span> <span class='ocrx_word' id='word_1_115' title='bbox 1107 1505 1271 1565; x_wconf 84' lang='lat' dir='ltr'>ingenii</span> <span class='ocrx_word' id='word_1_116' title='bbox 1317 1502 1663 1564; x_wconf 84' lang='lat' dir='ltr'>magnitudinem</span> 
     </span>
     <span class='ocr_line' id='line_1_18' title="bbox 294 1584 1663 1645; baseline -0.001 -18"><span class='ocrx_word' id='word_1_117' title='bbox 294 1584 447 1628; x_wconf 83' lang='lat' dir='ltr'>vellem</span> <span class='ocrx_word' id='word_1_118' title='bbox 470 1602 478 1627; x_wconf 90' lang='lat'><strong>:</strong></span> <span class='ocrx_word' id='word_1_119' title='bbox 503 1601 694 1644; x_wconf 86' lang='lat' dir='ltr'>quonam</span> <span class='ocrx_word' id='word_1_120' title='bbox 716 1584 847 1628; x_wconf 91' lang='lat' dir='ltr'>modo</span> <span class='ocrx_word' id='word_1_121' title='bbox 866 1587 969 1628; x_wconf 82' lang='lat' dir='ltr'>istos</span> <span class='ocrx_word' id='word_1_122' title='bbox 988 1585 1268 1645; x_wconf 88' lang='lat' dir='ltr'>philosophos</span> <span class='ocrx_word' id='word_1_123' title='bbox 1289 1585 1400 1628; x_wconf 89' lang='lat' dir='ltr'>ferre</span> <span class='ocrx_word' id='word_1_124' title='bbox 1420 1600 1663 1644; x_wconf 85' lang='lat' dir='ltr'>possemus,</span> 
     </span>
     <span class='ocr_line' id='line_1_19' title="bbox 294 1663 1666 1725; baseline -0.001 -17"><span class='ocrx_word' id='word_1_125' title='bbox 294 1667 366 1725; x_wconf 87' lang='lat' dir='ltr'>qui</span> <span class='ocrx_word' id='word_1_126' title='bbox 396 1682 532 1721; x_wconf 81' lang='lat' dir='ltr'>nunc,</span> <span class='ocrx_word' id='word_1_127' title='bbox 557 1682 692 1725; x_wconf 86' lang='lat' dir='ltr'>quum</span> <span class='ocrx_word' id='word_1_128' title='bbox 710 1663 781 1708; x_wconf 92' lang='lat' dir='ltr'>ille</span> <span class='ocrx_word' id='word_1_129' title='bbox 804 1665 1031 1707; x_wconf 84' lang='lat' dir='ltr'>damnatus</span> <span class='ocrx_word' id='word_1_130' title='bbox 1055 1675 1138 1718; x_wconf 90' lang='lat' dir='ltr'>est,</span> <span class='ocrx_word' id='word_1_131' title='bbox 1162 1664 1327 1708; x_wconf 90' lang='lat' dir='ltr'>nullam</span> <span class='ocrx_word' id='word_1_132' title='bbox 1353 1663 1481 1708; x_wconf 88' lang='lat' dir='ltr'>aliam</span> <span class='ocrx_word' id='word_1_133' title='bbox 1499 1664 1554 1707; x_wconf 90' lang='lat' dir='ltr'>ob</span> <span class='ocrx_word' id='word_1_134' title='bbox 1576 1663 1666 1708; x_wconf 85' lang='lat' dir='ltr'>cul-</span> 
     </span>
     <span class='ocr_line' id='line_1_20' title="bbox 294 1746 1665 1806; baseline -0.001 -17"><span class='ocrx_word' id='word_1_135' title='bbox 294 1764 414 1806; x_wconf 88' lang='lat' dir='ltr'>pam,</span> <span class='ocrx_word' id='word_1_136' title='bbox 439 1747 518 1789; x_wconf 90' lang='lat' dir='ltr'>nisi</span> <span class='ocrx_word' id='word_1_137' title='bbox 543 1756 723 1806; x_wconf 90' lang='lat' dir='ltr'>propter</span> <span class='ocrx_word' id='word_1_138' title='bbox 745 1746 918 1789; x_wconf 87' lang='lat' dir='ltr'>dicendi</span> <span class='ocrx_word' id='word_1_139' title='bbox 939 1747 1233 1802; x_wconf 80' lang='lat' dir='ltr'>inscientiam,</span> <span class='ocrx_word' id='word_1_140' title='bbox 1257 1756 1401 1789; x_wconf 88' lang='lat' dir='ltr'>tamen</span> <span class='ocrx_word' id='word_1_141' title='bbox 1424 1762 1448 1788; x_wconf 88' lang='lat' dir='ltr'>a</span> <span class='ocrx_word' id='word_1_142' title='bbox 1472 1761 1515 1788; x_wconf 89' lang='lat' dir='ltr'>se</span> <span class='ocrx_word' id='word_1_143' title='bbox 1535 1761 1665 1805; x_wconf 89' lang='lat' dir='ltr'>opor-</span> 
     </span>
     <span class='ocr_line' id='line_1_21' title="bbox 294 1826 1664 1887; baseline -0.001 -18"><span class='ocrx_word' id='word_1_144' title='bbox 294 1837 385 1870; x_wconf 86' lang='lat' dir='ltr'>tere</span> <span class='ocrx_word' id='word_1_145' title='bbox 418 1827 570 1871; x_wconf 89' lang='lat' dir='ltr'>dicunt</span> <span class='ocrx_word' id='word_1_146' title='bbox 599 1828 686 1887; x_wconf 88' lang='lat' dir='ltr'>peti</span> <span class='ocrx_word' id='word_1_147' title='bbox 710 1837 928 1887; x_wconf 79' lang='lat' dir='ltr'>praecepta</span> <span class='ocrx_word' id='word_1_148' title='bbox 956 1826 1153 1870; x_wconf 78' lang='lat' dir='ltr'>dicendi?</span> <span class='ocrx_word' id='word_1_149' title='bbox 1172 1827 1447 1883; x_wconf 81' lang='lat' dir='ltr'>Quibuscum</span> <span class='ocrx_word' id='word_1_150' title='bbox 1475 1842 1554 1886; x_wconf 86' lang='lat' dir='ltr'>ego</span> <span class='ocrx_word' id='word_1_151' title='bbox 1577 1842 1664 1868; x_wconf 90' lang='lat' dir='ltr'>non</span> 
     </span>
     <span class='ocr_line' id='line_1_22' title="bbox 295 1905 1666 1969; baseline -0.001 -18"><span class='ocrx_word' id='word_1_152' title='bbox 295 1925 463 1969; x_wconf 86' lang='lat' dir='ltr'>pugno,</span> <span class='ocrx_word' id='word_1_153' title='bbox 500 1918 649 1951; x_wconf 88' lang='lat' dir='ltr'>utrum</span> <span class='ocrx_word' id='word_1_154' title='bbox 680 1910 734 1951; x_wconf 90' lang='lat' dir='ltr'>sit</span> <span class='ocrx_word' id='word_1_155' title='bbox 771 1907 942 1964; x_wconf 89' lang='lat' dir='ltr'>melius,</span> <span class='ocrx_word' id='word_1_156' title='bbox 971 1917 1048 1951; x_wconf 90' lang='lat' dir='ltr'>aut</span> <span class='ocrx_word' id='word_1_157' title='bbox 1075 1908 1244 1951; x_wconf 90' lang='lat' dir='ltr'>verius:</span> <span class='ocrx_word' id='word_1_158' title='bbox 1280 1916 1449 1950; x_wconf 87' lang='lat' dir='ltr'>tantum</span> <span class='ocrx_word' id='word_1_159' title='bbox 1474 1905 1592 1960; x_wconf 88' lang='lat' dir='ltr'>dico,</span> <span class='ocrx_word' id='word_1_160' title='bbox 1624 1916 1666 1949; x_wconf 90' lang='lat' dir='ltr'>et</span> 
     </span>
     <span class='ocr_line' id='line_1_23' title="bbox 294 1987 1666 2048; baseline -0.001 -16"><span class='ocrx_word' id='word_1_161' title='bbox 294 1988 412 2033; x_wconf 88' lang='lat' dir='ltr'>aliud</span> <span class='ocrx_word' id='word_1_162' title='bbox 436 1989 545 2032; x_wconf 91' lang='lat' dir='ltr'>illud</span> <span class='ocrx_word' id='word_1_163' title='bbox 564 2006 675 2046; x_wconf 82' lang='lat' dir='ltr'>esse,</span> <span class='ocrx_word' id='word_1_164' title='bbox 704 1999 834 2048; x_wconf 85' lang='lat' dir='ltr'>atque</span> <span class='ocrx_word' id='word_1_165' title='bbox 851 1989 955 2044; x_wconf 86' lang='lat' dir='ltr'>hoc,</span> <span class='ocrx_word' id='word_1_166' title='bbox 982 1998 1024 2031; x_wconf 90' lang='lat' dir='ltr'>et</span> <span class='ocrx_word' id='word_1_167' title='bbox 1041 1990 1124 2032; x_wconf 90' lang='lat' dir='ltr'>hoc</span> <span class='ocrx_word' id='word_1_168' title='bbox 1141 1988 1231 2031; x_wconf 91' lang='lat' dir='ltr'>sine</span> <span class='ocrx_word' id='word_1_169' title='bbox 1247 1987 1320 2031; x_wconf 88' lang='lat' dir='ltr'>illo</span> <span class='ocrx_word' id='word_1_170' title='bbox 1337 2004 1555 2031; x_wconf 88' lang='lat' dir='ltr'>summum</span> <span class='ocrx_word' id='word_1_171' title='bbox 1576 2003 1666 2031; x_wconf 90' lang='lat' dir='ltr'>esse</span> 
     </span>
     <span class='ocr_line' id='line_1_24' title="bbox 296 2087 434 2130; baseline 0 -17"><span class='ocrx_word' id='word_1_172' title='bbox 296 2087 434 2130; x_wconf 89' lang='lat' dir='ltr'>posse.</span> 
     </span>
    </p>

    <p class='ocr_par' dir='ltr' id='par_1_5' title="bbox 296 2150 1667 2615">
     <span class='ocr_line' id='line_1_25' title="bbox 359 2150 1667 2211; baseline -0.003 -15"><span class='ocrx_word' id='word_1_173' title='bbox 359 2154 452 2196; x_wconf 90' lang='lat' dir='ltr'>LV.</span> <span class='ocrx_word' id='word_1_174' title='bbox 488 2154 601 2196; x_wconf 88' lang='lat' dir='ltr'>Nam</span> <span class='ocrx_word' id='word_1_175' title='bbox 632 2152 749 2211; x_wconf 89' lang='lat' dir='ltr'>quod</span> <span class='ocrx_word' id='word_1_176' title='bbox 776 2153 847 2211; x_wconf 87' lang='lat' dir='ltr'>jus</span> <span class='ocrx_word' id='word_1_177' title='bbox 880 2151 1030 2206; x_wconf 91' lang='lat' dir='ltr'>civile,</span> <span class='ocrx_word' id='word_1_178' title='bbox 1064 2154 1235 2207; x_wconf 82' lang='lat' dir='ltr'>Crasse,</span> <span class='ocrx_word' id='word_1_179' title='bbox 1266 2161 1354 2195; x_wconf 86' lang='lat' dir='ltr'>tam</span> <span class='ocrx_word' id='word_1_180' title='bbox 1390 2150 1667 2193; x_wconf 87' lang='lat' dir='ltr'>vehementer</span> 
     </span>
     <span class='ocr_line' id='line_1_26' title="bbox 296 2231 1665 2293; baseline -0.002 -17"><span class='ocrx_word' id='word_1_181' title='bbox 296 2233 520 2293; x_wconf 86' lang='lat' dir='ltr'>amplexus</span> <span class='ocrx_word' id='word_1_182' title='bbox 554 2250 623 2287; x_wconf 83' lang='lat' dir='ltr'>es;</span> <span class='ocrx_word' id='word_1_183' title='bbox 656 2232 801 2287; x_wconf 86' lang='lat' dir='ltr'>video,</span> <span class='ocrx_word' id='word_1_184' title='bbox 833 2232 937 2291; x_wconf 89' lang='lat' dir='ltr'>quid</span> <span class='ocrx_word' id='word_1_185' title='bbox 959 2234 1109 2292; x_wconf 84' lang='lat' dir='ltr'>egeris.</span> <span class='ocrx_word' id='word_1_186' title='bbox 1143 2234 1279 2288; x_wconf 78' lang='lat' dir='ltr'>Tum,</span> <span class='ocrx_word' id='word_1_187' title='bbox 1310 2248 1446 2291; x_wconf 85' lang='lat' dir='ltr'>quum</span> <span class='ocrx_word' id='word_1_188' title='bbox 1475 2231 1665 2286; x_wconf 78' lang='lat' dir='ltr'>dicebas,</span> 
     </span>
     <span class='ocr_line' id='line_1_27' title="bbox 297 2312 1665 2371; baseline -0.002 -14"><span class='ocrx_word' id='word_1_189' title='bbox 297 2314 506 2357; x_wconf 85' lang='lat' dir='ltr'>videbam.</span> <span class='ocrx_word' id='word_1_190' title='bbox 547 2314 744 2357; x_wconf 86' lang='lat' dir='ltr'>Primum</span> <span class='ocrx_word' id='word_1_191' title='bbox 789 2313 988 2357; x_wconf 84' lang='lat' dir='ltr'>Scaevolae</span> <span class='ocrx_word' id='word_1_192' title='bbox 1033 2323 1073 2356; x_wconf 86' lang='lat' dir='ltr'>te</span> <span class='ocrx_word' id='word_1_193' title='bbox 1115 2312 1296 2368; x_wconf 87' lang='lat' dir='ltr'>dedisti,</span> <span class='ocrx_word' id='word_1_194' title='bbox 1340 2328 1469 2371; x_wconf 90' lang='lat' dir='ltr'>quem</span> <span class='ocrx_word' id='word_1_195' title='bbox 1515 2327 1665 2354; x_wconf 90' lang='lat' dir='ltr'>omnes</span> 
     </span>
     <span class='ocr_line' id='line_1_28' title="bbox 297 2392 1664 2454; baseline -0.002 -16"><span class='ocrx_word' id='word_1_196' title='bbox 297 2411 443 2438; x_wconf 85' lang='lat' dir='ltr'>amare</span> <span class='ocrx_word' id='word_1_197' title='bbox 475 2395 754 2437; x_wconf 90' lang='lat' dir='ltr'>meritissimo</span> <span class='ocrx_word' id='word_1_198' title='bbox 782 2412 860 2454; x_wconf 86' lang='lat' dir='ltr'>pro</span> <span class='ocrx_word' id='word_1_199' title='bbox 887 2396 979 2454; x_wconf 89' lang='lat' dir='ltr'>ejus</span> <span class='ocrx_word' id='word_1_200' title='bbox 1011 2395 1166 2436; x_wconf 86' lang='lat' dir='ltr'>eximia</span> <span class='ocrx_word' id='word_1_201' title='bbox 1193 2394 1402 2436; x_wconf 83' lang='lat' dir='ltr'>suavitate</span> <span class='ocrx_word' id='word_1_202' title='bbox 1431 2392 1664 2436; x_wconf 90' lang='lat' dir='ltr'>debemus:</span> 
     </span>
     <span class='ocr_line' id='line_1_29' title="bbox 296 2471 1666 2535; baseline -0.002 -17"><span class='ocrx_word' id='word_1_203' title='bbox 296 2477 419 2535; x_wconf 88' lang='lat' dir='ltr'>cujus</span> <span class='ocrx_word' id='word_1_204' title='bbox 439 2485 577 2518; x_wconf 87' lang='lat' dir='ltr'>artem</span> <span class='ocrx_word' id='word_1_205' title='bbox 601 2491 737 2535; x_wconf 88' lang='lat' dir='ltr'>quum</span> <span class='ocrx_word' id='word_1_206' title='bbox 762 2475 1003 2518; x_wconf 86' lang='lat' dir='ltr'>indotatam</span> <span class='ocrx_word' id='word_1_207' title='bbox 1032 2491 1121 2518; x_wconf 86' lang='lat' dir='ltr'>esse</span> <span class='ocrx_word' id='word_1_208' title='bbox 1144 2484 1186 2517; x_wconf 88' lang='lat' dir='ltr'>et</span> <span class='ocrx_word' id='word_1_209' title='bbox 1215 2474 1449 2517; x_wconf 87' lang='lat' dir='ltr'>incomtam</span> <span class='ocrx_word' id='word_1_210' title='bbox 1476 2471 1666 2528; x_wconf 86' lang='lat' dir='ltr'>videres,</span> 
     </span>
     <span class='ocr_line' id='line_1_30' title="bbox 299 2551 1665 2615; baseline -0.004 -16"><span class='ocrx_word' id='word_1_211' title='bbox 299 2557 530 2599; x_wconf 86' lang='lat' dir='ltr'>verborum</span> <span class='ocrx_word' id='word_1_212' title='bbox 557 2572 649 2598; x_wconf 84' lang='lat' dir='ltr'>eam</span> <span class='ocrx_word' id='word_1_213' title='bbox 678 2555 778 2598; x_wconf 86' lang='lat' dir='ltr'>dote</span> <span class='ocrx_word' id='word_1_214' title='bbox 804 2555 1082 2615; x_wconf 87' lang='lat' dir='ltr'>locupletasti</span> <span class='ocrx_word' id='word_1_215' title='bbox 1098 2565 1141 2599; x_wconf 89' lang='lat' dir='ltr'>et</span> <span class='ocrx_word' id='word_1_216' title='bbox 1158 2556 1334 2599; x_wconf 83' lang='lat' dir='ltr'>ornasti.</span> <span class='ocrx_word' id='word_1_217' title='bbox 1358 2551 1526 2598; x_wconf 89' lang='lat' dir='ltr'>Deinde</span> <span class='ocrx_word' id='word_1_218' title='bbox 1548 2553 1665 2612; x_wconf 84' lang='lat' dir='ltr'>quod</span> 
     </span>
    </p>
   </div>
   <div class='ocr_carea' id='block_1_3' title="bbox 296 2635 1664 2696">
    <p class='ocr_par' dir='ltr' id='par_1_6' title="bbox 296 2635 1664 2696">
     <span class='ocr_line' id='line_1_31' title="bbox 296 2635 1664 2696; baseline -0.005 -14"><span class='ocrx_word' id='word_1_219' title='bbox 296 2642 337 2682; x_wconf 86' lang='lat' dir='ltr'>in</span> <span class='ocrx_word' id='word_1_220' title='bbox 383 2655 431 2681; x_wconf 78' lang='lat' dir='ltr'>ea</span> <span class='ocrx_word' id='word_1_221' title='bbox 469 2646 512 2680; x_wconf 89' lang='lat' dir='ltr'>tu</span> <span class='ocrx_word' id='word_1_222' title='bbox 554 2635 650 2696; x_wconf 88' lang='lat' dir='ltr'>plus</span> <span class='ocrx_word' id='word_1_223' title='bbox 691 2653 832 2695; x_wconf 83' lang='lat' dir='ltr'>operae</span> <span class='ocrx_word' id='word_1_224' title='bbox 874 2635 1118 2695; x_wconf 79' lang='lat' dir='ltr'>laborisque</span> <span class='ocrx_word' id='word_1_225' title='bbox 1165 2650 1481 2689; x_wconf 84' lang='lat' dir='ltr'>consumseras,</span> <span class='ocrx_word' id='word_1_226' title='bbox 1529 2649 1664 2692; x_wconf 87' lang='lat' dir='ltr'>quum</span> 
     </span>
    </p>
   </div>
  </div>
 </body>
</html>
