1843 3166
708 257 850 290 LIBER
883 258 908 291 1.
1434 273 1445 293 1
1457 261 1476 294 '5

134 336 198 382 vel
223 346 383 380 natura:
406 336 469 380 vel
494 337 698 380 doctrinae
739 338 944 397 p1·aesidiis
975 339 1028 380 ad
1056 339 1283 381 dicendum
1323 343 1477 399 parati,

132 433 266 475 quum
295 417 508 460 civitatem
542 414 608 458 vel
642 426 821 476 paterno
851 416 1054 471 consilio,
1091 417 1156 460 vel
1192 419 1316 461 avitis
1351 421 1480 462 armis

135 495 475 539 florentissimam
505 496 787 555 accepissent,
823 497 901 539 ista
927 495 1132 556 praeclara
1160 497 1479 556 gubernatrice,

135 585 181 618 ut
209 575 270 618 ais
293 608 304 630 ,
342 575 597 630 civitatum,
642 573 886 634 eloquentia
906 609 918 631 ‚
954 574 1267 636 rempublicam
1304 575 1477 635 dissipa-

136 663 300 716 verunt.

195 734 249 776 X.
285 733 430 790 Quid?
467 733 578 794 leges
611 743 798 790 veteres,
827 751 1053 794 moresque
1085 736 1323 795 majorum;
1352 735 1482 795 quid?

133 813 343 872 auspicia,
366 813 521 872 quibus
545 823 588 856 et
610 830 707 873 ego,
732 824 774 858 et
801 824 870 869 tu,
895 817 1065 870 Crasse,
1090 832 1188 858 cum
1217 832 1373 874 magna
1398 817 1481 858 rei-

134 891 312 950 publicae
350 891 486 936 salute
527 909 789 952 praesumus3
829 893 965 953 quid?
1009 893 1234 955 religiones
1274 904 1316 937 et
1357 911 1482 937 caere-

134 971 306 1025 moniae;
331 970 461 1031 quid?
488 972 576 1016 haec
596 973 694 1032 jura
718 972 879 1028 civilia,
905 974 1106 1033 quaejam
1129 973 1297 1033 pridem
1321 974 1365 1016 in
1389 990 1484 1017 nos·

135 1059 199 1093 tra
227 1050 387 1094 familia
421 1052 512 1095 sine
543 1050 631 1094 ulla
662 1051 915 1111 eloquentiae
950 1051 1074 1096 laude
1105 1062 1357 1108 versantur3
1377 1069 1481 1096 num

134 1139 208 1173 aut
233 1130 408 1174 inventa
431 1140 549 1187 sunt,
571 1141 644 1174 aut
667 1131 858 1191 cognita,
886 1141 961 1174 aut
983 1132 1162 1175 omnino
1189 1132 1242 1174 ab
1263 1141 1483 1175 oratorum

134 1225 289 1268 genere
310 1210 513 1254 tractata?

195 1288 404 1348 Equidem
437 1300 480 1333 et
514 1293 603 1333 Ser.
639 1291 823 1334 Galbam
861 1293 1069 1335 memoria
1109 1302 1254 1346 teneo,
1291 1291 1483 1335 divinum

133 1369 352 1411 hominem
390 1369 433 1411 in
476 1367 675 1426 dicendo,
715 1379 757 1413 ct
798 1372 859 1414 M.
898 1370 1120 1414 AEmilium
1155 1372 1408 1424 Porcinam,
1445 1380 1487 1412 et

134 1451 182 1492 C.
211 1449 351 1508 ipsum
374 1448 638 1505 Carbonem,
662 1466 789 1510 quem
815 1459 861 1493 tu
887 1449 1230 1494 adolescentulus
1250 1449 1486 1510 perculisti,

137 1522 334 1587 ignatium
358 1527 522 1589 legum,
549 1529 818 1574 haesitantem
849 1530 893 1573 in
920 1531 1134 1590 majorum
1160 1531 1388 1583 institutis,
1413 1545 1487 1572 ru-

134 1607 231 1651 dem
257 1608 415 1667 injure
433 1607 549 1652 civili
567 1626 575 1651 :
597 1618 637 1652 et
660 1609 749 1652 haec
769 1618 867 1652 aetas
887 1621 1051 1662 nostra,
1069 1619 1223 1669 praeter
1244 1619 1304 1663 te,
1319 1610 1488 1664 Crasse,

134 1688 208 1746 qui
232 1697 305 1731 tuo
327 1689 462 1748 magis
489 1687 653 1742 studio,
679 1704 809 1747 quam
844 1689 1022 1748 proprio
1049 1704 1228 1732 munere
1257 1686 1402 1747 aliquo
1424 1687 1488 1729 di-

136 1776 369 1821 sertorum,
397 1768 466 1827 jus
501 1783 525 1810 a
560 1767 683 1811 nobis
716 1766 839 1810 civile
873 1767 1083 1822 didicisti,
1117 1767 1236 1827 quod
1270 1767 1486 1810 interdum

135 1845 320 1905 pudeat,
340 1847 450 1906 juris
471 1847 621 1906 ignara
644 1856 719 1890 est.

201 1924 334 1981 Quod
355 1941 458 1969 vcro
481 1926 524 1968 in
546 1935 736 1969 extrema
760 1927 970 1981 oratione,
995 1928 1116 1986 quasi
1140 1936 1214 1970 tuo
1231 1927 1327 1985 jure
1345 1942 1491 1986 sump-

137 2004 249 2060 sisti,
272 2014 488 2049 oratorem
515 2006 558 2048 in
580 2006 720 2049 omnis
743 2007 950 2049 sermonis
975 2006 1265 2065 disputatione
1288 2005 1491 2064 copiosis-

138 2083 244 2127 sime
272 2100 396 2144 posse
431 2086 613 2140 versari,
644 2084 706 2139 id,
735 2086 815 2128 nisi
841 2085 911 2127 hic
940 2085 984 2127 in
1011 2094 1086 2127 tuo
1119 2101 1252 2145 regno
1282 2099 1491 2137 essemus,

139 2179 227 2206 non
253 2162 469 2219 tulissem,
498 2164 730 2224 multisque
763 2180 1014 2224 praeessem,
1051 2166 1125 2223 qui
1159 2173 1231 2207 aut
1265 2163 1492 2206 interdicto

109 2294 118 2302 .
140 2253 282 2288 tecum
318 2244 647 2297 contenderent,
678 2253 754 2287 aut
788 2253 829 2287 te
865 2260 916 2286 ex
947 2244 1044 2302 jure
1080 2259 1210 2286 manu
1248 2252 1493 2286 consertum

140 2333 370 2379 vocarent,
400 2324 516 2384 quod
545 2325 589 2367 in
616 2323 776 2368 alienas
809 2324 1096 2383 possessiones
1132 2334 1221 2366 tam
1253 2332 1411 2366 temere
1435 2323 1492 2366 ir-

140 2405 308 2448 ruisses.

204 2486 397 2545 Agerent
423 2486 538 2529 enim
562 2496 704 2530 tecum
728 2485 821 2546 lege
844 2486 1034 2545 primum
1062 2484 1316 2545 Pythagorei
1347 2499 1494 2527 omnes

143 2575 271 2625 atque
301 2567 603 2621 Democritici,
642 2566 876 2624 ceterique,
914 2566 958 2608 in
996 2581 1073 2608 suo
1116 2580 1290 2624 genere,
1330 2562 1493 2623 physici

142 2644 428 2700 vmdicarent,
458 2646 598 2688 ornati
630 2644 824 2689 homines
858 2646 901 2687 in
934 2644 1118 2688 dicendo
1140 2654 1182 2687 et
1203 2658 1376 2704 graves,
1399 2642 1494 2701 qui-
