1843 3166
706 295 846 330 LIBER
880 297 904 328 1.
1434 298 1443 332 ¹,
1459 305 1467 324 ι

139 380 375 441 quandam,
404 395 488 422 non
517 388 587 421 aut
616 377 974 437 peri-ccomlitam,
998 387 1070 419 aut
1098 377 1214 419 valde
1242 374 1476 428 difuit-ilem,

137 471 211 504 aut
252 459 518 520 magnificam
535 492 546 513 ,
585 467 658 500 aut
700 473 869 517 gravem
910 457 1116 499 rationem
1159 455 1478 498 consuetudinis

138 557 239 583 ineae
268 555 351 598 qua
385 537 600 597 quondam
631 536 779 580 solitus
807 553 900 579 sum
925 537 1009 592 uti,
1034 552 1165 594 quum
1191 536 1293 578 mihi
1321 537 1363 578 in
1399 535 1479 579 isto

137 618 277 662 studio
302 618 459 661 versari
483 615 740 659 adolescenti
771 614 936 658 licebat.

196 700 306 742 Tum
319 695 553 757 Sulpicius,
569 698 608 739 O
623 695 754 749 diem,
771 696 919 748 Cotta,
934 694 1074 751 nobis,
1090 695 1251 754 inquit,
1265 692 1477 754 optatum!

134 776 250 838 quod
267 777 380 820 enim
401 791 538 834 neque
555 775 754 835 precibus
776 790 988 834 unquam,
1008 790 1086 818 nec
1106 773 1384 829 insinuando,
1403 789 1480 815 nec

133 855 391 917 speculando
417 855 582 915 assequi
610 855 756 915 potui,
785 863 851 909 ut,
876 853 980 913 quid
1004 855 1181 897 Crassus
1209 863 1369 913 ageret,
1394 869 1481 895 mc-

134 935 299 981 ditandi
316 944 391 980 aut
412 934 581 980 dicendi
599 951 748 990 causa,
767 950 854 977 non
878 932 1005 976 modo
1024 932 1167 976 videre
1187 934 1317 988 mihi,
1337 932 1406 976 sed
1433 949 1479 975 cx

133 1017 223 1077 ejus
258 1016 465 1076 scriptore
501 1024 541 1058 et
579 1013 736 1058 lectore
773 1011 952 1073 Diphilo
991 1013 1196 1073 suspicari
1234 1011 1402 1067 liceret3
1440 1011 1480 1054 id

133 1111 257 1155 spero
284 1111 360 1138 nos
384 1110 472 1138 esse
493 1093 692 1154 adeptos,
718 1093 946 1152 omniaque
964 1093 1051 1151 jam
1075 1108 1124 1135 ex
1149 1093 1263 1151 ipso,
1288 1107 1383 1150 quae
1408 1091 1480 1134 diu

134 1175 351 1234 cupimus,
378 1174 638 1234 cognituros.

194 1254 354 1296 XXXI.
391 1254 502 1296 Tum
526 1254 721 1308 Crassus,
748 1253 882 1311 Atqui
909 1252 1115 1306 arbitror,
1141 1250 1324 1310 Sulpici,
1349 1266 1481 1309 quum

132 1331 337 1388 audieris,
370 1349 457 1375 non
489 1342 576 1374 tam
610 1341 652 1374 te
689 1333 778 1374 haec
811 1330 1148 1385 admiratumim,
1187 1346 1281 1388 quae
1320 1329 1482 1384 dixero,

132 1428 261 1472 quam
292 1412 654 1466 existimaturum,
689 1420 801 1463 tum,
835 1425 968 1468 quum
1003 1425 1051 1452 ea
1084 1408 1233 1452 audire
1260 1408 1484 1468 cupiebas,

131 1507 325 1545 causam,
349 1506 426 1534 cur
449 1504 650 1550 cuperes,
673 1505 761 1533 non
791 1488 932 1532 fuisse.
963 1487 1083 1533 Nihil
1117 1489 1229 1532 enim
1256 1488 1393 1533 dicam
1420 1504 1483 1532 rc-

130 1568 371 1624 conditum,
402 1566 508 1611 nihil
537 1567 852 1628 exspectatione
879 1576 1018 1611 vestra
1046 1565 1250 1628 dignum,
1282 1567 1388 1612 nihil
1411 1577 1486 1611 aut

131 1647 376 1692 inauditum
402 1648 547 1703 vobis,
572 1656 647 1690 aut
670 1648 871 1707 cuiquam
899 1663 1073 1690 novum.

192 1727 303 1771 Nam
326 1727 540 1786 principio
564 1725 690 1782 illud,
717 1725 832 1785 quod
856 1736 918 1769 est
942 1727 1116 1770 homine
1142 1729 1354 1788 ingenuo,
1379 1727 1485 1771 libe-

128 1804 360 1866 raliterque
375 1804 558 1849 educato
582 1804 783 1866 dignum,
804 1822 891 1849 non
914 1806 1097 1866 negabo,
1112 1823 1180 1850 me
1197 1807 1275 1850 ista
1292 1808 1483 1850 omnium

129 1885 375 1929 communia
398 1894 439 1928 et
463 1885 650 1928 contrita
673 1894 887 1945 praecepta
911 1885 1110 1930 didicisse
1137 1903 1146 1929 :
1176 1888 1364 1947 primum
1389 1903 1486 1931 ora·

129 1965 234 2008 toris
263 1964 455 2008 officium
480 1980 592 2020 esse,
616 1963 757 2008 dicere
787 1964 841 2007 ad
867 1964 1212 2024 persuadendum
1242 1983 1483 2010 accommo-

129 2043 226 2087 date
245 2061 255 2087 ε
282 2043 457 2098 deinde,
482 2060 572 2087 esse
592 2059 765 2087 omnem
788 2045 1030 2088 orationem
1050 2055 1126 2089 aut
1149 2045 1200 2089 de
1220 2046 1396 2089 infinitae
1419 2047 1480 2089 rci

129 2123 385 2183 quaestione,
410 2124 501 2166 sine
520 2123 816 2183 designatione
842 2139 1126 2183 personarum
1145 2134 1187 2167 et
1213 2134 1483 2185 tellipol't1n13

128 2213 204 2246 aut
228 2202 281 2246 de
306 2220 352 2247 re
375 2204 502 2247 certis
527 2204 570 2246 in
594 2204 786 2263 personis
811 2219 860 2246 ac
887 2204 1154 2264 temporibus
1176 2203 1327 2247 locata.

190 2285 241 2326 In
264 2292 446 2342 utraque
460 2292 604 2326 autem
622 2299 668 2326 re
681 2282 894 2342 quidquid
909 2284 952 2326 in
969 2284 1307 2327 controversiam
1324 2286 1484 2339 veniat,

129 2364 172 2407 in
192 2379 242 2406 eo
263 2363 395 2422 quaeri
423 2362 579 2418 solere,
600 2372 675 2406 aut
692 2362 910 2406 factumne
936 2364 1009 2420 sit,
1033 2374 1130 2419 aut,
1152 2365 1185 2408 si
1207 2374 1270 2408 est
1291 2364 1452 2408 factum
1472 2399 1482 2420 ,

127 2442 253 2503 quale
273 2442 342 2497 sit,
363 2451 438 2485 aut
455 2443 583 2485 etiam
609 2459 696 2502 quo
714 2443 889 2486 nomine
909 2454 1100 2499 vocetur,
1121 2454 1214 2498 aut,
1243 2443 1359 2503 quod
1378 2461 1483 2487 non-

128 2521 236 2565 nulli
261 2521 447 2577 addunt,
475 2531 646 2566 rectene
673 2522 833 2566 factum
861 2538 951 2566 csse
976 2522 1184 2566 videatur.

199 2601 413 2645 Exsistere
433 2611 575 2644 autem
597 2603 908 2645 controversias
931 2602 1058 2645 ctiam
1072 2637 1083 2659 ,
1113 2620 1163 2646 ex
1184 2605 1330 2663 scripti
1355 2605 1484 2646 iuter·-

131 2682 394 2736 pretationc‚
420 2683 463 2724 in
490 2699 577 2741 quo
607 2692 683 2725 aut
704 2682 904 2742 ambigue
930 2683 1034 2742 quid
1062 2684 1116 2726 sit
1148 2684 1378 2743 scriptum,
1411 2693 1485 2726 aut
