1843 3166
347 193 413 227 ¹08
858 196 921 231 DF.
948 198 1150 232 ORATOR
1158 197 1185 230 F.

342 293 471 335 quam
498 277 550 321 de
577 278 846 339 singulorum
873 281 1030 335 causis,
1071 298 1120 323 :ic
1160 279 1295 323 multo
1324 280 1451 322 etiam
1485 279 1622 339 majus
1651 277 1704 321 de

345 367 499 400 natura
519 356 719 415 deorum,
743 376 872 418 quam
898 359 951 402 de
971 361 1198 402 hominum
1223 359 1369 402 litibus
1393 359 1547 402 dicere.

406 439 581 480 —Non
607 448 668 481 est
697 439 774 492 ita,
816 440 956 499 inquit
991 441 1207 483 Antonius
1237 457 1245 482 :
1289 439 1427 482 dicam
1461 439 1575 481 enim
1605 439 1710 493 tibi,

344 515 524 570 Catule,
554 534 639 560 non
665 528 750 561 tam
777 518 960 574 doetus,
987 537 1139 579 quam,
1169 520 1210 563 id
1236 518 1352 579 quod
1373 527 1435 562 est
1461 518 1619 578 majus,
1647 535 1713 562 ex·

347 604 507 653 pertus,
538 598 749 640 Omnium
772 608 1012 641 ceterarum
1046 616 1188 642 rerum
1220 600 1380 656 oratio,
1419 599 1525 642 mihi
1559 597 1712 652 erede,

347 673 473 717 ludus
494 685 557 718 est
578 676 743 720 homini
770 694 857 721 non
883 679 1047 733 hebeti,
1074 696 1215 739 neque
1244 681 1546 735 inexercitato,
1575 694 1715 737 neque

349 756 648 798 communium
664 755 909 800 litterarum
929 768 971 801 et
987 758 1200 818 politioris
1218 759 1502 802 humanitatis
1523 759 1686 817 experti
1705 775 1714 800 ε

351 835 393 877 in
415 852 641 879 causarum
665 839 1018 882 contentionibus
1039 855 1244 899 magnum
1263 849 1324 882 est
1342 838 1562 899 quoddam
1582 853 1717 899 opus,

350 928 478 977 atque
502 919 617 962 haud
644 921 800 974 sciam,
829 938 884 963 an
905 921 957 963 de
982 922 1185 964 humanis
1207 922 1410 982 operibus
1436 921 1564 983 longe
1588 922 1722 965 maxi-

351 1015 502 1041 mum:
545 1001 588 1042 in
621 1000 778 1059 quibus
808 1001 872 1043 vis
905 1002 1091 1044 oratoris
1125 1002 1381 1062 plerumque
1416 1004 1469 1045 ab
1508 1003 1720 1062 imperitis

353 1080 470 1122 exitu
497 1089 538 1122 ct
568 1080 751 1123 victoria
776 1080 1023 1140 judicatur3
1058 1081 1132 1124 ubi
1157 1082 1279 1125 adest
1306 1092 1498 1125 armatus
1525 1082 1723 1125 adversa-

354 1160 463 1215 rius,
494 1160 566 1220 qui
595 1161 650 1203 sit
677 1169 718 1204 et
747 1160 987 1216 feriendus,
1026 1170 1068 1205 et
1096 1161 1392 1221 repelleiidus3
1430 1162 1505 1205 ubi
1530 1178 1640 1222 saepe
1664 1162 1722 1215 is,

355 1240 429 1298 qui
452 1241 514 1283 rei
544 1240 744 1284 dominus
772 1240 943 1284 futurus
975 1252 1064 1296 est,
1104 1241 1269 1286 alienus
1297 1252 1428 1302 atque
1454 1243 1617 1298 iratus,
1651 1250 1725 1285 aut

357 1321 488 1362 etiam
511 1322 674 1364 amicus
703 1321 952 1364 adversario
979 1332 1019 1365 et
1049 1323 1249 1367 inimicus
1274 1323 1351 1366 tibi
1375 1333 1463 1377 est3
1487 1339 1620 1382 quum
1650 1331 1726 1365 aut

359 1398 578 1444 docendus
604 1402 638 1444 is
660 1411 748 1455 est,
775 1412 850 1445 aut
871 1402 1169 1457 dedocendus,
1197 1413 1272 1446 aut
1294 1403 1622 1463 reprimendus,
1651 1412 1727 1446 aut

361 1481 630 1534 incitandus,
670 1493 745 1526 aut
774 1485 893 1526 omni
925 1484 1094 1527 ratione
1121 1483 1176 1526 ad
1212 1494 1405 1543 tempus,
1441 1483 1495 1526 ad
1531 1499 1727 1537 causam,

362 1561 557 1603 oratione
573 1562 863 1606 moderandus
877 1564 940 1623 (in
955 1580 1042 1623 quo
1057 1580 1168 1623 saepe
1182 1562 1474 1607 benivolentia
1490 1563 1544 1606 ad
1559 1563 1704 1606 odium
1717 1598 1728 1620 ‚

362 1639 511 1683 odium
539 1651 686 1685 autem
719 1642 774 1685 ad
806 1642 1145 1686 benivolentiam
1175 1642 1483 1686 deducendum
1516 1642 1619 1703 est);
1654 1645 1726 1703 qui

364 1729 570 1779 tanquam
593 1723 917 1766 machinatione
939 1721 1084 1782 aliqua
1110 1732 1202 1766 tum
1233 1722 1288 1765 ad
1313 1723 1608 1779 severitatem,
1635 1733 1729 1767 tum

366 1798 418 1841 ad
441 1802 740 1845 remissionem
764 1803 922 1855 animi,
951 1812 1043 1846 tum
1067 1802 1122 1846 ad
1145 1803 1389 1859 tristitiam,
1425 1814 1518 1846 tum
1548 1803 1602 1847 ad
1625 1803 1733 1847 laeti-

366 1879 468 1923 tiam
493 1890 558 1924 est
581 1883 949 1942 contorquendus.

430 1962 642 2004 Omnium
667 1965 982 2006 sententiarum
1007 1966 1243 2024 gravitate,
1275 1966 1472 2009 omnium
1499 1964 1733 2008 verborum

369 2041 630 2099 ponderibus
657 2052 721 2086 est
753 2043 978 2087 utendum.
1015 2044 1204 2088 Accedat
1237 2054 1410 2105 oportet
1444 2046 1557 2088 actio
1592 2045 1734 2100 varia,

371 2121 620 2177 vehemens⁷
660 2121 788 2182 plena
809 2123 963 2179 animi,
1005 2123 1134 2184 plena
1158 2125 1355 2185 spiritus,
1393 2124 1520 2185 plena
1548 2124 1735 2180 doloris,

372 2199 496 2260 plena
516 2203 722 2246 veritatis.
754 2205 805 2246 In
827 2204 893 2247 his
915 2205 1120 2264 operibus
1145 2206 1179 2248 si
1201 2206 1297 2265 quis
1321 2204 1439 2248 illam
1460 2215 1595 2248 artem
1619 2221 1737 2247 com-

373 2281 672 2340 prehenderit,
700 2293 770 2339 ut,
801 2294 1006 2344 tanquam
1031 2285 1230 2342 Phidias,
1263 2288 1472 2330 Minervae
1491 2287 1664 2346 signum
1684 2284 1739 2328 ef-

374 2361 496 2406 ficere
517 2365 676 2423 possit3
714 2381 800 2407 non
826 2382 952 2419 sane,
980 2366 1352 2425 quemadmodum
1383 2367 1425 2409 in
1452 2365 1604 2425 clypeo
1626 2365 1741 2408 idem

374 2442 443 2486 ille
463 2444 641 2500 artifex,
667 2447 836 2488 minora
858 2446 930 2489 illa
947 2463 1078 2507 opera
1102 2447 1243 2490 facere
1268 2447 1421 2503 discat,
1446 2445 1674 2489 laborabit.

437 2526 598 2568 XVIII.
616 2527 801 2568 —Tum
824 2526 1004 2570 Catulus
1029 2544 1036 2570 :
1062 2528 1163 2584 Quo
1194 2528 1273 2570 ista
1300 2527 1462 2586 majora
1488 2543 1537 2569 ac
1563 2526 1741 2568 mirabi-

377 2606 482 2649 liora
508 2608 668 2662 fecisti,
694 2624 745 2651 eo
772 2625 839 2650 me
866 2609 1004 2667 major
1031 2610 1293 2668 exspectatio
1322 2618 1460 2664 tenet,
1485 2608 1743 2666 quibusnam
