1843 3166
687 220 831 255 LIBER
859 222 875 255 1
1408 222 1452 266 57

106 304 350 365 occuparit,
381 314 455 347 aut
484 312 656 347 mortuo
684 303 899 358 effecerit,
931 313 979 346 ut
1015 305 1201 363 primum
1236 320 1362 347 omnc
1386 305 1456 364 jus

106 383 230 428 civile
255 385 299 427 in
321 399 475 443 genera
500 382 686 443 digerat,
707 398 803 442 quae
825 398 1038 442 perpauca
1065 391 1188 437 sunt3
1211 382 1364 425 deinde
1387 400 1457 426 eo-

108 480 205 507 rum
239 479 445 524 generum
477 462 598 522 quasi
627 461 821 521 quaedam
856 462 1049 504 membra
1087 461 1336 520 dispertiat3
1368 471 1458 505 tum

109 543 330 603 propriam
355 542 564 601 cujusque
592 541 676 584 vim
708 540 958 583 definitione
986 538 1200 592 declaret3
1228 539 1459 600 perfectam

108 632 247 665 artem
266 621 375 681 juris
399 618 537 664 civilis
556 620 789 676 habebitis,
810 620 945 679 magis
964 636 1185 680 magnam,
1210 629 1340 679 atque
1363 620 1463 663 ube-

108 717 227 754 rem,
263 716 393 760 quam
430 698 652 744 difficilem
687 709 816 759 atque
852 699 1091 743 obscuram.
1125 705 1266 759 Atque
1300 704 1463 743 interea

108 789 273 836 tamen,
313 780 416 823 dum
457 780 572 836 haec,
613 796 707 839 quae
740 778 933 838 dispersa
971 788 1095 833 sunt,
1128 789 1363 839 coguntur,
1397 779 1463 823 vel

108 859 266 919 passim
291 858 389 903 licet
411 868 658 919 carpentem
692 868 734 902 et
762 856 1036 918 colligentem
1068 857 1280 917 undiquc,
1309 857 1465 918 repleri

104 939 220 998 justa
240 938 351 998 juris
377 937 512 982 civilis
539 939 729 982 scientia.

171 1020 328 1061 XLIII.
366 1020 524 1063 Nonne
552 1017 723 1074 videtis,
749 1018 938 1078 equitem
967 1034 1217 1074 romanum,
1246 1018 1463 1062 hominem

109 1099 357 1142 acutissimo
382 1098 576 1142 omnium
600 1098 792 1157 ingenio,
820 1097 893 1140 sed
918 1097 1097 1141 minime
1121 1098 1273 1141 ceteris
1303 1099 1466 1142 artibus

110 1176 354 1234 eruditum,
377 1179 426 1221 C.
454 1176 742 1233 Aculeonem,
767 1177 841 1236 qui
866 1193 1034 1220 mecum
1062 1177 1187 1233 vivit,
1211 1194 1466 1238 semperque

109 1259 239 1314 vixit,
266 1258 325 1301 ita
350 1267 493 1301 tenere
510 1258 580 1317 jus
604 1255 748 1310 civile,
770 1266 817 1299 ut
837 1257 894 1312 ei,
920 1272 1055 1315 quum
1076 1256 1130 1299 ab
1155 1257 1237 1300 hoc
1261 1257 1467 1300 discesse-

110 1338 228 1393 ritis,
255 1353 383 1380 nemo
408 1336 460 1380 de
488 1337 556 1392 iis,
584 1336 658 1395 qui
689 1336 937 1395 peritissimi
960 1345 1080 1391 sunt,
1104 1336 1419 1396 anteponatur?

175 1416 336 1460 Omnia
356 1416 470 1459 enim
493 1425 595 1460 sunt
614 1415 754 1476 posita
776 1424 876 1458 ante
898 1413 1070 1469 oculos,
1091 1414 1301 1459 collocata
1325 1416 1367 1459 in
1390 1433 1470 1459 usu

110 1495 393 1557 quotidiano,
433 1496 477 1538 in
515 1495 817 1556 congressione
848 1495 1077 1539 hominum
1108 1505 1238 1555 atque
1274 1496 1318 1540 in
1353 1495 1469 1552 foro;

110 1591 251 1636 neque
278 1575 338 1619 ita
368 1574 516 1619 multis
541 1574 697 1619 litteris
720 1583 794 1618 aut
822 1573 1116 1618 voluminibus
1137 1577 1304 1635 magnis
1329 1577 1471 1619 eonti-

111 1666 304 1700 nentur:
339 1654 487 1699 eadem
527 1655 642 1698 enim
682 1663 784 1697 sunt
816 1653 927 1698 elata
962 1655 1152 1714 primum
1188 1672 1210 1698 a
1248 1654 1472 1715 pluribus;

112 1735 286 1790 deinde,
306 1736 454 1795 paucis
472 1734 612 1778 verbis
633 1734 929 1789 commutatiS,
953 1735 1082 1777 etiam
1099 1734 1153 1777 ab
1174 1734 1325 1778 iisdem
1344 1736 1477 1795 scrip-

112 1816 300 1872 toribus,
327 1816 486 1875 seripta
507 1823 610 1857 sunt
628 1814 796 1874 saepius.

175 1893 353 1938 Accedit
386 1909 506 1950 vero,
548 1909 635 1953 quo
669 1892 837 1937 facilius
883 1894 1046 1954 percipi
1083 1895 1371 1955 cognoscique
1402 1896 1473 1955 jus

112 1972 238 2018 civile
269 1974 405 2034 possit
433 1971 568 2034 (quod
598 1973 774 2017 minime
805 1972 1000 2034 plerique
1027 1973 1335 2035 arbitrantur),
1366 1975 1474 2018 mira

113 2053 310 2114 quaedam
344 2055 388 2097 in
424 2053 726 2115 cognoscendo
765 2054 952 2097 suavitas
991 2063 1034 2097 et
1066 2053 1309 2098 delectatio.
1341 2055 1472 2110 Nam,

114 2134 203 2177 sive
234 2150 363 2194 quem
398 2133 538 2178 aliena
572 2133 715 2178 studia
749 2132 990 2189 delectant3
1019 2132 1207 2194 plurima
1239 2144 1327 2190 est,
1357 2144 1401 2177 et
1433 2135 1473 2176 in

114 2214 233 2258 omni
247 2216 346 2274 jure
368 2212 506 2271 civili,
524 2223 567 2258 et
586 2215 631 2257 in
651 2214 909 2274 pontificum
927 2212 1049 2258 libris
1063 2248 1074 2270 ,
1091 2222 1133 2257 et
1151 2213 1195 2256 in
1215 2230 1277 2257 x11
1295 2212 1475 2268 tabulis,

115 2293 386 2353 antiquitatis
414 2293 597 2355 effigies,
627 2294 746 2354 quod
776 2304 818 2338 et
851 2294 1086 2338 verborum
1118 2293 1259 2354 prisca
1287 2303 1476 2337 vetustas

115 2374 412 2434 cognoscitur,
434 2383 476 2417 et
499 2376 721 2419 actionum
744 2391 901 2435 genera
923 2374 1120 2435 quaedam
1145 2375 1359 2435 majorum
1381 2390 1476 2417 con-

116 2453 391 2497 suetudinem
411 2455 633 2515 vitamque
651 2454 874 2498 declarant
897 2472 906 2497 :
932 2455 1020 2499 sive
1039 2455 1134 2515 quis
1155 2453 1324 2498 civilem
1345 2453 1477 2496 scicn-

116 2533 220 2576 tiam
259 2533 603 2593 contempletur,
633 2551 764 2595 quam
797 2533 987 2580 Scaevola
1020 2551 1106 2578 non
1142 2542 1265 2594 putat
1293 2532 1476 2576 oratoris

118 2629 207 2656 esse
231 2614 476 2674 propriam,
501 2613 573 2658 sed
598 2613 822 2674 cujusdam
848 2630 899 2657 ex
926 2613 1010 2658 alio
1033 2630 1189 2675 genere
1210 2612 1476 2673 prudentiae3
