1843 3166
679 193 823 227 LIBER
851 193 915 226 111.
1412 204 1456 237 ας
1468 206 1480 228 1

125 275 384 335 positionem
417 286 459 319 et
487 275 728 319 decentiam
746 310 756 330 ,
780 276 1006 319 sententiis
1029 291 1130 318 vero
1153 277 1204 319 ad
1235 279 1491 337 gravitatem

123 356 330 399 orationis
354 365 502 399 utatur
525 353 602 417 [ut
627 356 684 407 ii,
705 356 779 412 qui
809 356 851 397 in
875 371 1097 398 armorum
1123 358 1379 401 tractatione
1400 374 1494 401 ver-

124 434 311 498 santur].

188 518 450 559 Formantur
475 524 619 558 autem
655 524 698 558 et
732 515 882 568 verba,
909 526 950 559 et
973 516 1197 560 sententiae
1221 533 1342 577 paene
1364 518 1494 560 innu-

124 595 370 649 merabiles,
395 594 513 655 quod
544 595 645 638 satis
682 596 770 638 scio
796 606 947 638 notum
976 612 1066 639 esse
1090 597 1241 639 vobis:
1272 595 1345 639 sed
1382 597 1495 640 inter

125 675 514 719 conformationem
540 675 776 719 verborum
799 686 842 719 et
856 677 1170 720 sententiarum
1193 677 1275 721 hoc
1296 677 1493 733 interest,

125 755 243 815 quod
272 756 503 799 verborum
528 755 708 813 tollitur,
736 758 770 801 si
798 757 927 800 verba
948 758 1153 813 mutaris;
1180 758 1494 801 sententiarum

127 846 377 896 permanet,
407 837 752 897 quibuscumque
775 838 916 881 verbis
939 839 998 880 uti
1026 837 1143 881 velis.
1169 837 1299 895 Quod
1318 838 1494 897 quidem

128 933 202 959 vos
231 917 309 959 etsi
339 916 502 972 facitis,
528 926 674 960 tamen
701 917 998 960 admonendos
1032 927 1162 978 puto,
1196 934 1250 961 ne
1280 917 1496 977 quidesse

127 996 245 1041 aliud
272 998 456 1041 oratoris
483 998 640 1058 putetis
657 1033 667 1053 ,
695 997 812 1058 quod
840 998 1016 1058 quidem
1044 999 1097 1042 sit
1122 999 1343 1060 egregium
1365 1009 1495 1059 atque

127 1077 347 1134 mirabile,
366 1078 448 1122 nisi
474 1078 518 1121 in
542 1077 723 1138 singulis
741 1079 885 1122 verbis
908 1078 979 1122 illa
999 1080 1082 1122 tria
1108 1089 1275 1135 tenere,
1294 1089 1343 1122 ut
1363 1089 1493 1122 trans-

130 1158 226 1201 latis
254 1167 427 1201 utamur
454 1158 716 1218 frequenter,
737 1158 1042 1219 interdumque
1066 1159 1187 1202 factis
1202 1193 1213 1213 ,
1235 1175 1333 1202 raro
1352 1168 1496 1202 autem

132 1239 262 1282 etiam
291 1240 573 1298 pervetustis;
610 1240 653 1282 in
687 1248 897 1299 perpetua
934 1248 1076 1282 autem
1109 1239 1329 1293 oratione,
1360 1255 1496 1298 quum

130 1329 174 1362 et
201 1319 522 1379 conjunctionis
550 1318 799 1374 lenitatem,
832 1329 874 1362 et
900 1336 1204 1373 numerorum,
1228 1335 1358 1378 quam
1383 1318 1497 1372 dixi,

130 1401 341 1443 rationem
378 1401 661 1456 tenuerimus,
699 1410 791 1442 turn
818 1409 882 1442 est
918 1401 1039 1458 quasi
1075 1399 1315 1442 luminibus
1345 1398 1498 1442 distin-

131 1481 301 1541 guenda
320 1490 361 1524 et
380 1479 696 1541 frequentanda
711 1481 853 1523 omnis
878 1481 1018 1523 oratio
1042 1480 1353 1523 sententiarum
1369 1489 1500 1539 atque

131 1562 377 1605 verborum.

195 1643 311 1685 LIII.
338 1644 452 1685 Nam
480 1651 522 1684 et
547 1639 831 1684 commoratio
864 1656 949 1682 una
973 1640 1016 1682 in
1042 1656 1088 1683 re
1114 1639 1381 1701 permultum
1404 1656 1498 1683 mo-

133 1731 224 1774 vet,
253 1729 294 1764 et
326 1720 504 1764 illustris
539 1719 804 1780 explanatio,
830 1736 1086 1780 rerumque,
1120 1721 1242 1780 quasi
1275 1731 1498 1781 gerantur,

137 1801 216 1844 sub
241 1799 493 1861 adspectum
514 1817 633 1861 paene
662 1800 872 1860 subjectio
888 1834 899 1856 ,
929 1817 1022 1860 quae
1045 1810 1088 1844 et
1112 1802 1155 1843 in
1174 1800 1427 1860 exponenda
1454 1817 1501 1843 re

137 1879 374 1940 plurimum
399 1879 536 1936 valet,
562 1890 602 1923 et
624 1880 677 1923 ad
697 1878 1003 1923 illustrandum
1028 1880 1092 1936 id,
1113 1881 1230 1940 quod
1251 1882 1499 1940 exponitur,

138 1971 180 2004 et
210 1961 264 2004 ad
292 1959 672 2022 amplificandum,
700 1971 749 2004 ut
785 1961 855 2014 iis,
890 1961 965 2020 qui
996 1960 1194 2016 audient,
1225 1960 1352 2017 illud,
1385 1961 1501 2021 quod

137 2042 391 2101 augebimus
407 2076 417 2096 ,
439 2051 653 2101 quantum
675 2041 845 2084 efficere
859 2042 999 2084 oratio
1020 2042 1201 2101 poterit,
1225 2051 1393 2085 tantum
1412 2058 1501 2086 esse

137 2120 360 2178 videatur3
398 2131 439 2165 et
468 2122 572 2164 huic
609 2121 826 2164 contraria
862 2137 972 2181 saepe
998 2121 1191 2181 praecisio
1217 2131 1300 2177 est,
1330 2132 1370 2165 et
1406 2121 1502 2182 plus

138 2201 191 2244 ad
206 2200 558 2261 intelligendum,
580 2218 711 2262 quam
735 2201 913 2257 dixeris,
943 2202 1223 2263 significatio,
1244 2211 1285 2245 et
1301 2202 1501 2246 distincte

139 2282 312 2325 concisa
329 2282 517 2325 brevitas
533 2317 544 2337 ,
559 2292 600 2326 et
621 2283 869 2326 extenuatio
885 2316 896 2337 ,
922 2292 963 2325 et
990 2283 1092 2326 huic
1113 2282 1319 2342 adjuncta
1337 2282 1500 2337 illusio,

139 2378 162 2404 a
187 2363 414 2422 praeceptis
440 2363 618 2406 Caesaris
642 2379 730 2406 non
751 2362 1000 2406 abhorrens.

203 2444 257 2485 Et
291 2442 344 2485 ab
375 2458 421 2485 re
446 2441 576 2502 longa
605 2441 845 2503 degressi03
883 2443 926 2485 in
956 2459 1040 2502 qua
1060 2460 1195 2503 quum
1217 2443 1343 2487 fuerit
1365 2442 1503 2486 delec-

144 2522 274 2577 tatio,
296 2531 388 2565 tum
409 2521 571 2565 reditus
597 2521 650 2565 ad
676 2538 766 2565 rein
791 2531 916 2581 aptus
939 2532 980 2565 et
998 2525 1236 2567 concinnus
1259 2538 1350 2565 esse
1374 2521 1502 2564 debe-

144 2600 227 2657 bit3
250 2602 594 2663 propositioque,
619 2601 724 2660 quid
748 2602 804 2644 sis
822 2601 1036 2657 dicturus,
1059 2613 1102 2646 et
1125 2604 1177 2647 ab
1202 2619 1272 2657 eo,
1301 2600 1418 2661 quod
1441 2611 1503 2644 est
