1843 3166
678 203 819 238 LIBER
848 202 914 236 III.
1396 197 1467 234 233

126 287 178 330 de
198 303 364 332 summo
379 298 548 332 oratore
560 286 700 330 dicam
720 302 887 330 necesse
900 295 976 328 est.
994 284 1070 328 Vis
1088 285 1203 327 enim
1217 317 1228 339 ,
1251 294 1292 326 et
1318 293 1467 327 natura

126 369 188 410 rei
212 370 291 411 nisi
328 368 513 429 perfecta
536 377 635 411 ante
665 365 810 410 oculos
836 367 1025 426 ponitur,
1049 363 1212 424 qualis,
1243 373 1285 406 et
1309 374 1468 423 quanta

127 449 198 503 sit,
224 447 403 509 intelligi
424 464 507 491 non
533 456 686 507 potest.
707 447 780 489 Me
794 455 956 499 autem,
971 442 1142 498 Catule,
1165 442 1315 498 fateor,
1335 459 1471 502 neque

125 528 254 571 hodie
278 529 320 572 in
345 529 433 571 istis
457 526 597 583 libris,
620 536 662 570 et
688 543 787 570 cum
816 527 906 569 istis
934 524 1180 569 hominibus
1199 522 1366 578 vivere;
1393 538 1471 566 nec

126 624 249 663 vero,
288 607 330 650 id
355 605 470 666 quod
509 616 554 650 tu
581 615 696 650 recte
727 605 1079 660 commeministi,
1113 602 1250 646 ullum
1280 618 1473 662 unquam

125 687 323 730 habuisse
355 687 590 746 sepositum
619 696 788 746 tempus
818 685 872 729 ad
910 682 1182 741 discendum,
1220 699 1269 727 ac
1306 691 1473 726 tantum

127 767 324 810 tribuisse
343 766 547 810 doctrinae
563 767 788 827 temporis,
808 774 1018 826 quantum
1040 763 1145 807 mihi
1162 761 1339 824 puerilis
1353 772 1474 818 aetas,

126 846 313 891 forenses
337 847 451 890 feriae
473 847 774 891 concesserint.

186 929 346 971 XXIII.
385 930 462 983 Ac,
495 928 529 970 si
559 929 737 987 quaeris,
769 925 938 981 Catule,
977 925 1028 969 de
1051 925 1246 969 doctrina
1271 924 1348 968 ista
1372 924 1478 985 quid

127 1024 206 1068 ego
236 1008 438 1064 sentiam,
473 1024 560 1051 non
584 1017 752 1050 tantum
783 1008 1006 1068 ingenioso
1033 1007 1224 1063 homini,
1250 1015 1292 1050 et
1316 1006 1374 1061 ei,
1403 1005 1477 1066 qui

125 1087 290 1143 forum,
318 1089 391 1147 qui
422 1089 605 1144 curiam,
632 1089 706 1147 qui
732 1104 899 1144 causas,
928 1088 1002 1148 qui
1027 1086 1337 1148 rempublicam
1360 1103 1479 1147 spec-

128 1177 212 1220 tet,
241 1183 348 1227 opus
372 1184 461 1211 essc
486 1168 672 1211 arbitror
697 1169 923 1227 temporis,
959 1177 1169 1227 quantum
1195 1167 1275 1211 sibi
1309 1167 1337 1209 ii
1365 1183 1480 1210 sum-

129 1256 296 1303 serunt,
328 1264 434 1307 quos
469 1248 676 1291 discentes
704 1250 791 1291 vita
828 1247 993 1291 defecit.
1025 1250 1186 1291 Omnes
1224 1248 1339 1292 enim
1367 1257 1479 1290 artes

128 1325 250 1370 aliter
271 1327 323 1370 ab
343 1328 392 1370 iis
412 1337 666 1383 tractantur,
688 1329 761 1387 qui
783 1344 851 1371 eas
878 1327 931 1370 ad
952 1344 1078 1371 usum
1100 1327 1384 1381 transferunt,
1403 1326 1481 1370 ali-

129 1417 193 1450 ter
222 1407 274 1450 ab
299 1408 372 1461 iis,
401 1409 476 1467 qui
510 1409 699 1467 ipsarum
727 1408 884 1450 artium
907 1416 1093 1451 tractatu
1120 1405 1344 1462 delectati,
1374 1404 1481 1449 nihil

128 1488 172 1530 in
198 1488 282 1529 vita
306 1497 405 1530 sunt
433 1486 550 1530 aliud
575 1487 728 1530 acturi.
754 1487 960 1547 Magister
985 1487 1055 1530 hic
1087 1487 1345 1531 Samnitium
1370 1502 1483 1530 sum-

129 1583 199 1610 ma
225 1567 314 1626 jam
347 1576 564 1610 senectute
588 1577 669 1623 est,
708 1577 750 1611 et
777 1567 970 1626 quotidie
1003 1577 1339 1621 commentatum
1375 1566 1481 1609 nihil

130 1648 244 1690 enim
267 1657 390 1691 curat
416 1647 545 1691 aliud.
576 1649 633 1691 At
658 1649 712 1704 Q.
737 1646 936 1691 Velocius
965 1663 1072 1707 puer
1097 1646 1374 1690 addidicerat.
1400 1646 1485 1690 Sed

131 1727 247 1787 quod
268 1738 358 1771 erat
373 1737 498 1787 aptus
518 1726 572 1771 ad
591 1725 720 1782 illud,
741 1736 964 1787 totumque
984 1736 1214 1788 cognorat,
1237 1726 1338 1784 fuit,
1361 1736 1410 1770 ut
1422 1734 1485 1770 est

132 1808 246 1868 apud
272 1806 506 1862 Lucilium,

263 1925 659 1934 ...........
689 1897 864 1942 Quamvis
882 1898 1004 1933 bonus
1023 1898 1100 1945 ipse

263 1958 407 1993 Samnis
427 1958 465 1992 in
486 1958 574 1993 ludo
587 1986 595 2002 ,
619 1972 659 1993 ac
678 1960 831 1994 rudibus
851 1959 964 1994 cuivis
981 1960 1066 1994 satis
1085 1971 1209 2007 asper3

134 2041 207 2084 sed
230 2041 324 2102 plus
351 2059 490 2102 operae
511 2042 604 2086 foro
627 2043 861 2099 tribuebat,
888 2044 1054 2098 amicis,
1072 2044 1131 2086 rei
1158 2041 1367 2086 familiari.
1400 2044 1486 2085 Va-

136 2121 264 2165 lerius
283 2123 477 2182 quotidie
501 2124 700 2167 cantabat
724 2141 732 2167 :
759 2125 980 2167 eratenim
1003 2125 1220 2179 scenicus,
1246 2123 1350 2183 quid
1374 2122 1486 2166 face-

137 2211 202 2244 ret
223 2201 369 2245 aliud?

198 2285 255 2326 At
273 2283 507 2327 Numerius
530 2285 704 2341 Furius,
722 2294 866 2328 noster
885 2284 1128 2341 familiaris,
1143 2301 1278 2346 quum
1294 2294 1357 2328 est
1375 2300 1488 2327 com-

138 2361 332 2416 modum,
358 2372 526 2406 cantat:
549 2374 610 2408 est
627 2366 743 2408 enini
768 2364 1094 2425 paterfamilias,
1115 2374 1176 2409 est
1195 2381 1324 2425 eques
1346 2380 1486 2408 roma-

136 2459 241 2498 nus;
275 2458 382 2502 puer
417 2443 582 2500 didicit,
617 2445 733 2504 quod
764 2445 1016 2489 discendum
1050 2446 1142 2490 fuit.
1178 2445 1340 2489 Eadem
1377 2445 1486 2488 ratio

138 2532 201 2565 est
235 2522 387 2565 harum
422 2523 579 2566 artium
607 2526 903 2568 maximarum.
943 2526 1046 2570 Dies
1085 2536 1127 2570 et
1161 2534 1308 2569 noctes
1348 2524 1487 2566 virum

141 2618 307 2645 summa
320 2603 476 2646 virtute
495 2613 535 2646 et
554 2604 781 2664 prudentia
800 2606 1070 2663 videbamus,
1085 2605 1341 2666 philosopho
1355 2619 1489 2663 quum
