1843 3166
671 211 816 246 LIBER
843 211 906 244 111.
1396 221 1415 244 2
1426 222 1435 245 ,
1447 223 1465 254 7

127 296 248 341 miles
270 296 411 341 effecit
428 298 538 340 inter
553 311 619 351 se;
641 294 714 338 sed
732 303 899 337 tantum
919 290 1039 334 alteri
1060 290 1244 346 affinxit,
1268 292 1318 336 de
1336 293 1468 338 altero

127 377 313 432 limavit,
339 387 387 421 ut
416 377 458 420 id
481 375 772 420 conformaret
795 374 836 416 in
865 382 1070 431 utroque,
1102 369 1217 430 quod
1249 373 1468 432 utriusque

128 468 280 502 natura
301 466 530 518 pateretur.

189 540 245 581 X.
280 540 379 581 Haec
416 552 467 579 eo
502 535 607 579 mihi
647 533 916 595 praedicenda
959 532 1154 589 fuerunt,
1203 541 1270 586 ut,
1314 533 1346 575 si
1386 549 1471 575 non

127 618 291 673 omnia,
318 632 412 676 quae
435 623 782 676 proponerentur
811 629 836 656 a
863 629 954 667 me,
990 612 1044 656 ad
1065 613 1257 656 omnium
1284 621 1471 656 vestrum

126 695 340 751 studium,
364 705 407 739 et
433 695 486 739 ad
511 711 646 756 genus
674 693 738 750 id,
769 692 885 752 quod
912 694 1094 753 quisque
1123 702 1307 736 vestrum
1338 695 1380 735 in
1408 692 1472 735 di-

125 775 262 820 cendo
287 776 508 837 probaret,
533 774 892 830 adhaerescerent,
917 773 959 817 id
989 790 1011 816 a
1040 789 1107 816 me
1133 789 1266 833 genus
1293 773 1471 833 exprimi

125 857 358 912 sentiretis,
387 856 503 916 quod
524 856 708 900 maxime
727 855 833 899 mihi
851 855 929 915 ipsi
948 854 1213 914 probaretur.

187 939 301 997 Ergo
327 937 416 980 haec
441 947 483 981 et
505 936 671 997 agenda
699 946 799 980 sunt
825 935 878 979 ab
906 943 1099 989 oratore,
1129 949 1223 992 quae
1244 931 1473 993 explicavit

126 1018 364 1072 Antonius,
391 1027 432 1060 et
449 1016 630 1060 dicenda
649 1014 835 1076 quodam
854 1014 997 1058 modo.

191 1097 381 1153 Quinam
408 1098 540 1158 igitur
565 1097 735 1140 dicendi
758 1106 822 1140 est
842 1096 996 1140 modus
1017 1093 1168 1139 melior
1193 1094 1310 1154 (nam
1338 1093 1390 1137 de
1412 1110 1474 1137 ac-

126 1178 242 1220 tione
265 1187 363 1237 post
387 1177 576 1238 videro),
604 1193 733 1237 quani
753 1186 799 1220 ut
818 1175 966 1231 latine,
996 1185 1043 1218 ut
1067 1173 1214 1235 plane,
1239 1183 1286 1217 ut
1305 1182 1472 1227 ornate,

125 1266 173 1300 ut
195 1257 249 1300 ad
273 1257 339 1314 id,
370 1258 675 1318 quodcumque
698 1267 864 1318 agetur,
891 1266 989 1316 apte
1014 1264 1390 1315 congruenterque
1412 1252 1474 1295 di-

124 1337 298 1381 camus?
341 1340 484 1397 Atque
518 1354 668 1381 eorum
699 1336 898 1396 quidem,
935 1352 1028 1395 quae
1062 1334 1148 1377 duo
1182 1334 1320 1394 prima
1357 1333 1474 1384 dixi,

125 1416 335 1460 rationem
361 1433 447 1460 non
473 1417 661 1460 arbitror
681 1415 916 1475 exspectari
936 1430 960 1457 a
978 1429 1066 1469 me,
1091 1413 1189 1472 puri
1213 1410 1476 1470 dilucidique

127 1497 335 1539 sermonis
357 1513 366 1539 :
394 1511 531 1556 neque
553 1496 667 1539 enim
688 1510 896 1538 conamur
918 1493 1072 1537 docere
1090 1509 1188 1536 eum
1210 1491 1371 1547 dicere,
1402 1492 1475 1550 qui

127 1575 246 1636 loqui
273 1577 458 1632 nesciat3
486 1591 564 1619 nec
587 1590 777 1634 sperare,
805 1575 880 1633 qui
907 1572 1039 1617 latine
1062 1588 1149 1615 non
1172 1571 1332 1631 possit,
1359 1570 1476 1613 hunc

128 1666 278 1702 ornate
303 1673 390 1701 esse
418 1658 658 1711 dicturum3
686 1672 825 1717 neque
853 1669 974 1711 vero,
1001 1652 1182 1714 quinon
1204 1649 1336 1705 dicat,
1363 1649 1478 1709 quod

128 1736 439 1797 intelligamus,
459 1737 576 1781 hunc
596 1752 744 1797 posse,
769 1734 883 1795 quod
904 1734 1179 1789 admiremur,
1201 1729 1354 1774 dicere.
1375 1729 1475 1772 Lin-

129 1832 311 1876 quamus
342 1818 472 1877 igitur
501 1817 614 1872 haec,
649 1833 742 1876 quae
775 1815 1066 1876 cognitionem
1096 1813 1256 1856 habent
1284 1810 1477 1864 facilem,

131 1913 257 1940 usum
276 1898 564 1941 necessarium
583 1914 592 1940 ε
615 1913 714 1940 nam
735 1896 915 1940 alterum
934 1894 1119 1938 traditur
1139 1892 1308 1948 litteris,
1327 1892 1478 1935 doctri-

132 1992 271 2036 naque
291 1975 468 2036 puerili3
497 1976 678 2020 alterum
700 1975 928 2019 adhibetur
946 1975 1001 2017 ob
1024 1990 1118 2017 eam
1136 1988 1327 2027 causam,
1353 1981 1401 2014 ut
1419 1972 1478 2014 in-

133 2054 368 2116 telligatur,
404 2055 509 2116 quid
540 2057 723 2115 quisque
755 2055 867 2098 dicat
893 2071 901 2097 :
932 2052 1049 2114 quod
1078 2052 1272 2096 videmus
1303 2051 1362 2094 ita
1389 2066 1478 2094 esse

134 2137 435 2189 necessarium,
464 2146 512 2180 ut
532 2145 673 2179 tamen
695 2151 745 2179 eo
768 2136 910 2178 minus
933 2132 1040 2176 nihil
1063 2149 1151 2176 esse
1173 2131 1318 2192 possit.

199 2215 283 2259 Sed
314 2216 452 2258 omnis
484 2215 685 2276 loquendi
718 2214 949 2275 elegantia,
986 2227 1235 2273 quanquam
1263 2208 1479 2270 expolitur

134 2296 309 2340 scientia
332 2293 595 2352 litterarum,
632 2305 774 2338 tamen
807 2302 988 2352 augetur
1018 2291 1208 2352 legendis
1239 2288 1496 2333 oratoribus*

134 2386 178 2421 et
199 2377 349 2436 poetis.
369 2376 476 2418 Sunt
497 2376 611 2419 enim
630 2374 691 2418 illi
709 2384 890 2427 vetereS,
915 2373 989 2432 qui
1009 2387 1164 2415 ornare
1190 2368 1384 2413 nondum
1408 2384 1479 2427 po-

135 2464 279 2500 terant
301 2471 367 2509 ea,
396 2470 489 2514 quae
513 2453 728 2510 dicebant,
756 2469 904 2497 omnes
931 2467 1066 2512 prope
1092 2449 1291 2511 praeclare
1318 2447 1447 2490 locuti
1468 2463 1476 2487 :

138 2552 321 2596 quorum
343 2550 538 2579 sermone
562 2534 784 2578 assuefacti
806 2534 879 2592 qui
900 2541 1051 2586 erunt,
1075 2547 1128 2574 ne
1149 2530 1365 2589 cupientes
1389 2526 1480 2585 qui-

138 2615 234 2659 dem
259 2624 463 2676 poterunt
487 2612 626 2673 loqui,
654 2615 734 2656 nisi
762 2612 902 2656 latine.
927 2613 1079 2672 Neque
1100 2621 1237 2655 tamen
1260 2608 1340 2651 crit
1362 2615 1481 2648 uten-
