1843 3166
335 196 406 231 290
841 178 904 212 DE
933 177 1178 213 ORATORE.

334 259 593 301 Charmadam,
609 255 816 293 testimonio
829 255 934 290 Plinii
956 261 989 289 et
1007 253 1223 289 auctoritate
1244 252 1364 294 MSS.;
1387 253 1440 297 3⁰,
1452 253 1582 288 Sextus
1601 254 1687 289 Em-

333 322 471 370 piricus
490 334 565 355 non
581 320 668 354 dicit
688 319 795 353 semel
820 317 1066 351 Charmadam
1086 316 1141 349 vel
1165 314 1420 369 Clzarqulam,
1443 314 1687 350 academicum

336 384 463 427 fuisse,
483 389 518 417 et
537 380 728 417 academiae
750 378 976 425 principem;
999 378 1053 420 4⁰,
1074 375 1218 422 scriptis
1237 375 1333 409 idem
1352 375 1540 409 mandavit
1559 375 1689 422 dispu-

338 445 512 479 tationem
541 442 735 490 quamdam
765 440 992 483 (Iliarinadae,
1025 438 1060 472 in
1095 450 1168 484 qua
1196 435 1425 471 academicus
1456 436 1523 471 iste
1554 437 1690 484 probat

337 505 556 542 rhetoricam
588 516 663 538 non
695 514 770 537 esse
809 507 942 544 artem,
977 507 1013 535 et
1046 499 1211 534 rhetores
1246 497 1421 545 exagitat3
1453 510 1534 544 quae
1569 498 1688 533 omnia

338 566 439 601 Sexti
471 564 645 611 Empirici
672 563 756 598 huic
784 564 867 598 loco
897 562 1033 608 optime
1064 559 1297 594 conveniunt.
1320 558 1416 593 Utile
1447 558 1526 593 fore
1552 559 1692 594 credidi

338 627 437 661 hunc
457 627 579 660 locum
606 624 801 660 luculentis
820 622 1044 669 argumentis
1067 620 1269 667 explicare,
1296 619 1360 665 qui
1390 619 1557 663 Patavio,
1581 620 1691 654 Stan-

335 688 406 722 leio
422 715 431 731 ‚
452 687 603 732 aliisque
629 685 907 731 chronologiam
933 683 1171 726 docentibus,
1196 692 1344 728 magnas
1367 680 1454 715 olim
1482 682 1607 716 turbas
1626 693 1692 715 ex—

338 747 505 783 citaverit
531 747 711 782 Pearcius.
733 747 845 790 Vide,
876 746 913 779 in
945 745 1110 779 eamdem
1132 741 1367 787 sententiam,
1385 742 1535 777 Henrici
1560 743 1693 777 Valesii

336 809 550 850 Emendat„
572 820 606 852 1,
628 819 687 853 29.

394 877 701 919 Clitomachus...,
728 875 987 912 At'sclzines...‚
1016 873 1255 907 Ilien-odorus.
1282 870 1546 916 Clitomachus,
1571 873 1694 919 philo—

338 940 492 986 sophus,
512 938 629 985 patria
650 935 973 984 Carthaginiensis,
995 933 1055 968 cui
1080 945 1217 967 nomen
1236 932 1356 966 fuerat
1374 932 1576 976 Asdruba13
1603 934 1695 969 Car-

337 999 464 1034 neadis
484 999 704 1045 discipulus,
736 997 831 1032 etin
861 995 1022 1044 regenda
1054 993 1240 1029 academia
1267 1005 1462 1028 successor.
1491 993 1694 1038 AEschines,

339 1060 596 1104 academicus,
629 1058 822 1094 Melanthii
854 1055 993 1092 Rhodii
1028 1054 1240 1101 discipulus.
1277 1053 1531 1098 Metrodorus,
1566 1054 1694 1102 epicu—

338 1133 438 1165 reos,
461 1120 589 1156 audito
609 1118 815 1163 Carneade,
833 1117 995 1164 reliquit.
1016 1118 1083 1151 En.
1106 1117 1202 1151 LEM.

390 1191 557 1225 Panoeeii
583 1191 683 1224 illius
706 1190 761 1223 tui
778 1187 1034 1222 Illucsarclem.
1056 1188 1111 1221 De
1134 1184 1294 1221 Panaetio
1321 1184 1471 1220 Rhodio
1496 1184 1580 1219 vide
1604 1185 1627 1219 l.
1647 1197 1695 1219 111

335 1252 381 1286 cle
403 1250 569 1298 Officiis,
596 1264 626 1285 c.
658 1263 699 1295 73
719 1251 895 1292 Divinat„
922 1261 953 1291 13
973 1249 1110 1294 Quoest.
1136 1247 1264 1288 acad„
1290 1259 1342 1291 11,
1369 1258 1389 1280 2
1418 1252 1453 1280 et
1480 1244 1522 1290 53
1549 1253 1584 1280 et
1603 1246 1693 1280 Nat.

337 1313 383 1346 D.
396 1338 407 1354 ,
439 1325 496 1357 11,
519 1311 579 1354 [46.
601 1312 863 1354 Mnesarchus,
884 1309 1032 1344 Panaetii
1056 1308 1274 1355 discipulus,
1288 1314 1323 1342 et
1341 1307 1418 1354 ipse
1437 1306 1589 1351 stoicus,
1609 1319 1696 1341 ora-

338 1379 459 1405 torem
479 1385 556 1405 non
581 1385 651 1406 usu
670 1371 806 1406 forensi
824 1370 1008 1417 quodam,
1031 1370 1095 1404 sed
1114 1369 1278 1416 perfecto
1303 1368 1490 1415 sapientiae
1529 1375 1564 1402 et
1579 1367 1699 1403 virtu-

340 1439 418 1465 tum
439 1432 605 1466 omnium
631 1433 778 1467 cumulo
799 1430 1009 1466 deliniebat.

394 1502 445 1534 Ee
468 1502 708 1547 peripatetici
742 1501 898 1535 Critolai
923 1501 1118 1534 Diodorus.
1151 1501 1214 1534 Est
1250 1499 1359 1534 lectio
1400 1499 1561 1533 duorum
1593 1500 1698 1534 MSS.

341 1560 446 1603 Pall.‚
467 1567 502 1594 ct
533 1561 644 1594 trium
664 1560 869 1603 Gulielmii;
888 1572 1042 1594 necnon
1070 1562 1174 1594 Joan.
1204 1560 1292 1605 Maj.
1322 1567 1357 1594 et
1387 1561 1488 1594 Harl.
1515 1560 1698 1605 duoru1n3

339 1627 568 1667 testaturque
600 1621 753 1665 Cicero,
775 1633 810 1664 v,
834 1619 874 1664 5,
902 1621 949 1654 cle
972 1619 1112 1662 Fz'm‘b„
1134 1620 1341 1654 Diodorum
1359 1620 1469 1655 fuisse
1493 1621 1699 1655 auditorem

340 1680 505 1716 Critolai.
547 1683 665 1716 Porro
698 1694 739 1716 ea
772 1688 1009 1729 argumenta,
1032 1680 1169 1727 quibus
1201 1680 1361 1726 probavi
1394 1680 1619 1715 Carneadem
1653 1681 1698 1715 ad

340 1749 563 1788 quaesturam
608 1742 725 1777 Crassi
755 1755 832 1777 non
863 1742 1015 1788 vixisse,
1051 1742 1135 1777 satis
1172 1741 1381 1785 docebunt,
1412 1753 1458 1775 ne
1498 1740 1699 1777 Critolaum

341 1802 492 1849 quidem
514 1803 551 1837 in
573 1803 690 1838 Crassi
714 1811 897 1850 quaestura
916 1803 1093 1850 viguisse3
1114 1803 1219 1849 quod
1238 1809 1359 1837 tamen
1377 1815 1451 1849 prae
1471 1815 1507 1837 se
1527 1802 1598 1837 fert
1615 1803 1699 1837 vul-

340 1871 423 1909 gata
442 1863 570 1909 lectio,
590 1865 664 1899 «Et
684 1864 915 1911 peripatetici
935 1864 1117 1899 Critolaus
1141 1871 1176 1898 et
1195 1863 1397 1898 Diodorus.
1423 1865 1559 1898 Panic.

398 1935 591 1981 Tanquam
617 1936 653 1969 in
681 1936 835 1982 aliquod
857 1935 1066 1982 pistrinum.
1100 1935 1249 1969 Crassus
1279 1940 1468 1980 comparat
1502 1932 1700 1968 Carneadis

343 2002 528 2030 oratorem
555 1996 686 2040 servis,
719 1997 801 2043 qui,
831 2004 988 2043 propter
1008 1996 1168 2042 aliquam
1194 1996 1359 2042 culpam,
1387 1994 1639 2030 detruduntur
1661 1994 1699 2028 in

342 2055 539 2101 pistrinum
571 2057 618 2091 ad
647 2057 844 2091 versandas
871 2058 1011 2100 molas,
1039 2057 1177 2104 quibus
1203 2057 1429 2091 frumentum
1463 2055 1631 2091 tunditur
1664 2062 1700 2090 et

348 2116 633 2162 comminuitur,
652 2117 745 2152 sicut
769 2118 978 2162 Terentius,
999 2117 1036 2152 in
1057 2119 1198 2153 Andria
1216 2131 1228 2151 .-

483 2255 672 2286 Verberibus
691 2266 800 2287 caesum
817 2263 845 2287 te
864 2257 895 2288 in
912 2257 1076 2299 pistrinum
1088 2282 1095 2296 ,
1110 2260 1195 2289 Dave
1206 2281 1214 2296 ‚
1233 2257 1343 2289 dedam
1361 2268 1457 2300 usque
1468 2257 1509 2289 ad
1523 2268 1644 2290 necem.

1521 2315 1652 2344 MAlwc.

402 2433 476 2467 Sed
500 2445 569 2480 ego
596 2447 711 2481 neque
736 2437 808 2470 illis
835 2437 1071 2472 assentiebar.
1102 2438 1290 2483 Socrates,
1316 2437 1355 2471 in
1387 2438 1544 2485 Gorgia,
1569 2445 1698 2473 contra

347 2493 478 2527 Polum
498 2501 533 2527 et
553 2494 733 2530 Calliclem
755 2497 961 2543 disputans,
988 2498 1178 2533 contendit
1199 2498 1419 2533 rhetoricam
1444 2511 1520 2534 non
1540 2510 1614 2534 esse
1634 2510 1697 2533 ar—

348 2558 438 2597 tem,
461 2552 522 2587 sed
550 2554 719 2600 peritiam
745 2558 942 2602 quamdam
969 2558 1233 2593 inartificialem
1261 2559 1487 2605 aucupandae
1513 2559 1636 2606 gratiae
1663 2565 1699 2592 et
