1843 3166
639 231 1035 267 ADNOTATIONES.
1438 237 1483 271 33
1494 248 1507 271 1

216 305 339 350 Quam
357 304 495 339 Sannio
513 312 574 340 est.
601 306 743 352 Sanna,
762 306 885 354 inquit
902 313 1009 342 vetus
1026 306 1138 342 Persii
1162 308 1358 356 interpres,
1379 310 1514 348 dicitur

156 375 197 398 os
223 363 421 400 distortum
449 376 533 400 cum
565 366 691 411 vultu;
719 367 826 414 quod
852 366 1020 414 facimus,
1047 380 1163 415 quum
1189 368 1279 405 alios
1297 369 1513 418 irridemus3

154 424 254 459 unde
272 425 477 462 Sanniones
490 424 579 461 dicti
598 433 706 472 sunt,
724 427 829 474 quod
848 440 925 462 non
948 435 1089 464 rectum
1106 429 1251 464 vultum
1270 430 1419 466 habent.
1444 432 1513 468 Hic

154 491 276 521 tamen
295 486 526 522 doctissimus
550 487 707 523 Budaeus
728 488 987 525 animadvertit
1013 488 1209 524 munorum
1229 491 1418 537 quoddam
1449 505 1515 541 ge-

152 557 221 581 nus
239 545 447 595 significari.
467 548 626 593 Verum,
647 555 690 583 ut
709 561 807 593 reor,
825 550 946 585 Sanna
964 556 1001 585 et
1020 549 1156 585 Sannio
1177 550 1223 585 ab
1234 550 1383 586 homine
1402 554 1514 588 stulto

152 612 189 641 et
206 606 335 654 inepto
354 607 475 642 Sanna
500 608 678 656 originem
697 622 906 658 sumpsere;
931 611 997 658 qui
1016 616 1091 646 tam
1110 611 1233 647 fatuus
1260 611 1347 658 fuit,
1360 619 1403 647 ut
1421 614 1514 648 Cra—

151 668 250 703 tinus
268 667 431 703 comicus
450 670 610 705 Sannam
621 683 692 718 pro
715 672 828 707 stulto
846 672 1100 718 usurpaverit,
1119 672 1433 720 quemadmodum
1451 687 1515 710 re—

150 729 264 763 latum
282 735 336 764 est
355 729 402 764 ab
421 730 636 776 Eustathio;
657 744 734 779 quo
760 732 869 768 etiam
889 739 1041 768 auctore
1065 733 1202 769 deduci
1229 741 1352 781 potest
1365 741 1514 770 utrum-

149 801 223 836 que
254 801 274 825 a
292 789 444 835 Sannis,
466 791 617 838 populis
646 793 759 839 Asiae,
787 806 884 841 quos
914 794 1147 830 consuetudo
1176 797 1390 830 Graecorum
1416 803 1515 841 erat,

148 849 228 896 ejus
247 857 369 895 aetate,
385 852 529 887 Tzanos
546 864 698 899 vocare,
718 854 783 901 qui
801 854 969 890 moribus
992 862 1095 890 erant
1107 856 1274 891 barbaris
1291 863 1328 892 et
1350 856 1514 902 incultis,

148 923 190 946 ac
214 911 375 958 proinde
393 911 538 948 insulsis
563 920 599 949 et
626 913 774 949 inscitis.
800 915 922 951 Affert
949 923 986 952 et
1015 916 1122 952 aliam
1149 917 1328 965 originem
1353 930 1374 953 a
1397 918 1514 954 verbo

149 978 278 1012 σαίνειν.
297 975 419 1008 TURN-

200 1033 287 1068 (ΠΛΡ.
308 1034 426 1069 LXII.
446 1035 612 1070 Primum
640 1048 757 1084 genus
786 1037 892 1072 hoc...
917 1050 990 1073 non
1015 1045 1072 1073 est
1099 1045 1263 1074 nostrum
1284 1052 1296 1073 :
1317 1053 1511 1075 morosum.

147 1095 233 1129 Haec
265 1101 352 1130 sunt
378 1095 607 1131 Sannionum
634 1096 801 1132 ridicula.
823 1098 1014 1134 Sustinent
1043 1100 1140 1134 enim
1167 1112 1345 1147 personas
1364 1114 1512 1146 eorum,

147 1155 212 1202 qui
231 1169 353 1191 mores
381 1156 494 1192 duros
517 1165 746 1205 sequuntur,
768 1166 804 1193 et
822 1167 1004 1207 agreste53
1025 1160 1143 1208 qualis
1169 1168 1222 1196 est
1247 1163 1386 1197 Demea
1411 1163 1512 1209 apud

146 1217 360 1252 Terentium
381 1230 390 1252 z
412 1217 479 1265 qui
501 1218 613 1253 nimia
632 1219 811 1267 religione
838 1227 874 1255 et
895 1232 992 1256 vano
1013 1221 1170 1256 deorum
1197 1229 1298 1256 metu
1323 1223 1512 1264 laborant,

146 1278 358 1324 cujusmodi
376 1279 454 1314 fere
473 1286 558 1314 sunt
576 1280 817 1326 mulierculae3
836 1282 901 1328 qui
920 1282 1011 1317 nihil
1029 1295 1107 1317 non
1126 1283 1370 1330 suspicantur,
1389 1290 1431 1318 ut
1449 1296 1510 1318 se—

144 1345 229 1382 nes;
252 1339 318 1386 qui
331 1340 486 1387 gloriam
506 1339 613 1375 avide
637 1347 807 1387 captant,
829 1349 871 1376 ut
890 1342 1031 1377 ΤΙιῐ-ἱιεο
1050 1343 1312 1387 Terentianus;
1332 1344 1397 1390 qui
1411 1344 1512 1379 stulti

144 1407 248 1444 sunt,
267 1407 310 1435 ut
331 1400 507 1435 Phaedria.
528 1398 754 1446 Hujusmodi
772 1414 950 1448 personas
968 1416 1047 1438 non
1065 1403 1259 1438 sustinebit
1280 1411 1420 1447 orator,
1446 1403 1510 1438 sed

144 1460 308 1508 agitabit.
331 1461 519 1497 Sustinere
544 1468 597 1497 est
621 1475 729 1511 agere
749 1470 784 1498 et
809 1463 944 1498 imitari
973 1476 981 1497 :
1010 1464 1150 1512 agitare
1166 1476 1276 1509 vero,
1301 1464 1420 1499 faceto
1443 1465 1513 1499 ali-

146 1534 223 1569 quo
244 1522 363 1567 dicto,
384 1530 448 1557 aut
471 1523 594 1569 lepida
612 1524 826 1558 narratione
849 1524 1110 1572 perstringere.
1129 1525 1264 1559 STREB.
1278 1545 1331 1551 —
1354 1526 1437 1559 Non
1457 1534 1513 1560 est

144 1589 325 1627 nostrum,
346 1582 482 1618 scilicet
512 1589 722 1625 oratorum,
743 1583 790 1616 de
816 1583 954 1629 quibus
978 1584 1037 1616 hic
1065 1582 1230 1618 dicimus.
1252 1585 1509 1630 Interpunctio

143 1642 203 1677 hic
222 1642 261 1676 in
283 1643 441 1689 vulgatis
460 1653 537 1675 non
557 1642 652 1676 bene
678 1642 800 1676 habet.
825 1642 920 1676 ERN.
947 1662 999 1669 —
1018 1643 1206 1677 Morosum
1218 1669 1231 1686 ,
1261 1644 1365 1691 quod
1382 1656 1509 1680 versa-

143 1709 205 1736 tur
224 1701 262 1736 in
282 1701 421 1736 morosi
438 1713 597 1748 persona
622 1700 816 1745 imitanda3
836 1709 871 1736 et
891 1702 942 1737 sic
967 1701 1012 1737 de
1032 1702 1173 1738 ceteris.

199 1764 319 1808 Quum
337 1763 374 1796 in
392 1774 563 1809 campum
583 1775 653 1798 non
674 1762 845 1797 venisset.
865 1762 925 1797 Sic
944 1762 1028 1797 edd.
1042 1775 1100 1810 pr.
1122 1769 1221 1799 recte
1239 1776 1311 1810 pro
1334 1765 1506 1812 vulgato:

144 1836 226 1858 eum
254 1824 291 1858 in
318 1836 492 1871 campum
521 1836 594 1858 non
627 1824 791 1866 vem'sse,·
813 1822 918 1870 quod
947 1824 1057 1870 plane
1083 1837 1161 1859 non
1189 1825 1264 1860 coit
1292 1838 1376 1860 cum
1403 1832 1508 1861 textu

145 1883 339 1928 orationi53
359 1891 487 1931 estque
506 1884 553 1919 ab
573 1884 679 1919 Aldo.
707 1885 753 1918 In
771 1896 855 1919 meo
874 1884 1012 1920 Aldino
1041 1885 1149 1920 etiam
1176 1885 1226 1921 sic
1252 1885 1412 1921 correxit
1429 1898 1509 1921 ma-

143 1957 212 1980 nus
237 1945 358 1980 docta.
378 1944 533 1992 Decepit
552 1945 690 1979 Aldum
707 1944 882 1980 vitiosum
901 1945 993 1980 illud
1012 1946 1104 1993 qui:
1122 1945 1192 1981 nisi
1215 1945 1298 1993 quis
1321 1946 1422 1981 malit
1446 1959 1509 1980 cur

142 2018 215 2052 pro
235 2019 337 2049 cum,·
359 2012 401 2040 ut
421 2013 473 2041 est
493 2006 531 2040 in
552 2007 629 2040 MS.
650 2006 724 2041 Erl.
737 2033 747 2050 ‚
767 2006 831 2040 sed
851 2006 1082 2053 praecedente
1101 2019 1196 2042 eum.
1223 2008 1384 2042 Enmzs'r.
1399 2028 1449 2033 —
1462 2009 1505 2042 In

143 2078 275 2113 campo
304 2066 441 2102 Martio
472 2066 647 2113 juventus
674 2078 827 2101 romana
859 2079 975 2114 quum
1009 2068 1086 2103 aliis
1113 2068 1229 2112 ludis,
1254 2075 1334 2103 tum
1359 2067 1435 2114 pila
1469 2081 1506 2103 se

143 2127 356 2172 exercebat,
383 2127 488 2174 cujus
513 2127 699 2163 studiosus
719 2135 796 2162 erat
813 2127 939 2163 Titius.
963 2129 1146 2177 Frangere
1171 2136 1292 2164 autem
1313 2129 1505 2164 brachium

143 2187 315 2236 ambigue
334 2187 427 2223 dixit
446 2190 568 2235 Vespa
592 2187 803 2233 Terentius,
822 2189 881 2223 vel
905 2201 1030 2235 suum,
1048 2191 1108 2225 vel
1133 2189 1227 2238 signi
1251 2189 1354 2225 sacri.
1376 2191 1506 2237 Appa-

143 2255 198 2283 ret
220 2248 331 2283 istum
348 2248 484 2283 Titium
499 2248 661 2296 quadam
675 2248 863 2296 religionis
883 2249 1060 2296 opinione
1074 2250 1257 2285 imbutum
1277 2250 1387 2285 fuisse
1400 2277 1410 2295 ‚
1431 2262 1505 2296 qua

143 2308 336 2343 simulacra
363 2308 579 2354 damnabat,
604 2316 667 2344 aut
692 2316 791 2344 certe
819 2322 898 2344 non
921 2310 1006 2346 satis
1032 2311 1137 2358 pium
1157 2310 1290 2355 fuisse,
1314 2310 1380 2357 qui
1401 2310 1504 2358 signa

143 2381 244 2404 sacra
263 2369 458 2418 frangeret.
478 2371 620 2416 Vespa,
645 2382 729 2404 meo
753 2368 920 2415 judicio,
938 2371 1137 2418 proprium
1164 2383 1299 2406 nomen
1324 2382 1402 2404 non
1429 2376 1504 2413 est,

144 2429 208 2464 sed
237 2430 518 2477 appellativum,
544 2430 800 2478 significatque
828 2431 1079 2478 vespillonem.
1113 2431 1311 2479 Pompeius
1338 2432 1466 2466 Festus
1493 2443 1501 2464 :

144 2507 158 2522 ·‹
182 2492 313 2538 Vespae
332 2491 519 2536 dicuntur,
539 2491 604 2539 qui
629 2491 843 2527 funerandis
871 2492 1092 2540 corporibus
1121 2493 1285 2529 officium
1311 2498 1464 2540 gerunt,
1486 2508 1500 2523 n

143 2562 220 2585 non
238 2563 258 2586 a
275 2550 427 2587 minutis
457 2551 527 2587 illis
544 2551 780 2596 volucribus,
804 2553 867 2587 sed
896 2553 984 2600 quia
1009 2554 1219 2601 vespertino
1249 2559 1414 2598 tempore
1439 2563 1501 2586 eos

145 2611 325 2657 efferunt,
356 2613 421 2660 qui
442 2612 588 2648 funebri
609 2625 747 2660 pompa
776 2613 879 2659 duci,
910 2621 1067 2661 propter
1091 2615 1273 2661 inopiam,
1299 2618 1498 2659 nequeunt.
