1843 3166
272 214 318 246 9⁰
790 204 850 238 DE
882 205 1114 239 ORATORF,

274 301 390 337 eam,
412 287 572 344 qumvis
594 286 760 329 mallem
780 288 948 343 fuisset,
977 304 1104 346 quam
1127 288 1202 329 ista
1222 321 1231 339 ,
1251 301 1380 344 quam
1397 284 1513 326 dieis.
1539 286 1626 343 Ego

274 366 386 407 enim
413 371 475 425 (nt
489 403 499 418 ,
518 368 882 426 quemadmodum
903 369 1060 422 sentio,
1092 365 1260 426 loquar)
1283 380 1503 423 nunquam
1523 363 1624 406 mihi

275 446 440 501 minus,
471 464 600 506 quam
628 448 827 490 hesterno
856 447 948 499 die,
984 446 1122 507 placui
1155 447 1309 506 (magis
1332 444 1438 488 adeo
1463 443 1503 486 id
1532 444 1629 487 saci-

276 524 415 582 litate,
443 544 571 586 quain
591 526 672 571 alia
698 526 782 571 ulla
808 526 932 587 eulpa
961 544 1052 570 inea
1076 525 1300 586 contigit);
1332 525 1404 584 qui
1431 524 1534 567 dum
1558 525 1630 567 ob—

276 623 431 666 sequor
455 606 822 662 adolescentibus,
853 624 918 650 ine
940 624 1085 650 senem
1106 624 1196 649 esse
1215 623 1309 649 sum
1328 604 1508 660 oblitus,
1538 604 1631 647 feci-

277 703 360 746 que
384 687 448 741 id,
476 687 592 747 quod
627 705 678 731 ne
705 686 952 731 adolescens
979 687 1152 746 quidem
1178 687 1384 739 feceram,
1423 696 1469 728 ut
1499 685 1548 728 iis
1580 685 1631 727 (le

279 767 425 822 rebus,
459 784 552 826 quae
580 767 776 811 doctrina
801 767 944 827 aliqua
972 768 1320 822 continerentur,
1353 765 1632 825 disputarem.

279 847 361 890 Sed
391 848 471 890 lioe
497 857 638 890 tamen
662 847 817 891 eccidit
842 848 947 890 milii
972 857 1316 907 peropportune,
1338 845 1476 906 quod,
1497 855 1633 888 trans-

279 928 384 971 actis
407 927 496 987 jam
527 928 631 970 meis
668 928 880 987 partibus,
918 927 970 970 ad
1001 928 1237 970 Antonium
1271 926 1534 969 audiendum
1567 942 1635 968 ve·

279 1008 414 1051 nistis.

341 1090 528 1131 ——Tum
548 1091 704 1141 Caesar,
722 1087 957 1147 Equidem,
983 1089 1144 1147 inquit,
1168 1091 1344 1143 Crasse,
1369 1089 1425 1130 ita
1449 1104 1542 1131 sum
1567 1106 1638 1132 eu-

281 1168 409 1228 pidus
444 1179 486 1212 te
518 1170 560 1212 in
596 1168 669 1212 illa
704 1168 901 1228 longiore
933 1185 982 1211 ae
1014 1178 1222 1231 perpetua
1250 1168 1542 1230 disputatione
1570 1185 1642 1212 au-

281 1248 454 1305 diendi,
494 1259 564 1305 ut,
609 1250 642 1292 si
678 1249 720 1292 id
751 1250 855 1292 mihi
889 1250 1034 1295 minus
1061 1252 1305 1312 contingat,
1350 1249 1414 1294 vel
1450 1250 1531 1293 hoc
1563 1251 1640 1293 sim

283 1329 538 1389 quotidiano
560 1339 635 1373 tuo
655 1347 852 1375 sermone
874 1340 1115 1375 contentus.
1137 1334 1287 1391 Itaque
1308 1331 1504 1391 experiar
1526 1331 1644 1390 equi-

283 1410 378 1454 dem
407 1409 538 1467 illud,
568 1420 615 1454 ut
635 1427 689 1454 ne
711 1410 952 1473 Sulpicius,
980 1411 1204 1455 familiaris
1228 1428 1375 1466 meus,
1401 1421 1475 1454 aut
1496 1413 1644 1463 Cotta,

286 1490 380 1553 plus
410 1507 539 1553 quam
567 1508 647 1554 ego
671 1492 788 1552 apud
817 1503 858 1536 te
887 1491 1028 1536 valere
1053 1492 1275 1547 videatur3
1313 1501 1355 1535 et
1392 1502 1431 1535 te
1460 1492 1647 1534 exorabo

286 1573 503 1634 profecto,
533 1583 581 1616 ut
608 1574 714 1616 mihi
737 1590 936 1633 quoque,
965 1583 1008 1616 et
1034 1572 1190 1617 Catulo
1221 1583 1304 1617 tuae
1331 1573 1553 1616 suavitatis
1579 1571 1649 1614 ali-

286 1654 392 1714 quid
424 1654 659 1714 impertias.
704 1654 780 1698 Sin
813 1654 889 1696 tibi
927 1653 970 1696 id
1002 1653 1146 1696 minus
1177 1652 1349 1709 libebit;
1393 1670 1480 1696 non
1509 1663 1549 1696 tc
1577 1669 1650 1696 ur-

288 1735 418 1795 gebo,
458 1751 600 1794 neque
626 1735 916 1790 committam,
960 1744 1029 1791 ut,
1071 1733 1176 1778 dum
1206 1750 1396 1790 vereare,
1438 1743 1484 1777 tu
1515 1749 1568 1776 ne
1597 1733 1652 1776 sis

290 1816 480 1876 ineptus,
508 1832 576 1858 me
598 1831 689 1859 esse
713 1814 889 1875 judices.

352 1898 538 1941 ——Tum
556 1894 647 1953 ille,
674 1898 769 1957 Ego
791 1895 1056 1952 mehercule,
1085 1897 1246 1957 inquit,
1267 1898 1426 1953 Caesar,
1444 1913 1495 1940 ex
1513 1897 1653 1940 omni·

290 1978 373 2021 hus
399 1976 544 2021 latinis
571 1977 714 2021 verbis
740 1977 870 2038 hujus
897 1977 1017 2021 verbi
1040 1978 1127 2021 vim
1148 1976 1213 2022 vel
1237 1978 1467 2021 maximam
1489 1993 1656 2037 semper

292 2059 442 2119 putavi
465 2075 474 2101 :
504 2074 633 2118 quem
661 2058 777 2101 enim
804 2075 883 2101 nos
908 2058 1185 2119 «ineptum»
1215 2074 1442 2114 vocamus,
1484 2059 1518 2102 is
1550 2058 1655 2101 mihi

292 2138 467 2182 videtur
497 2138 551 2182 ab
585 2138 669 2181 hoc
697 2155 858 2183 nomen
887 2139 1045 2182 habere
1077 2138 1279 2194 ductum,
1319 2139 1436 2199 quod
1478 2156 1566 2183 non
1603 2140 1659 2183 sit

293 2228 450 2280 aptus3
493 2218 622 2279 idque
658 2220 702 2263 in
741 2220 952 2264 sermonis
986 2221 1123 2264 nostri
1156 2220 1468 2264 consuetudine
1497 2218 1660 2281 perlate

296 2309 427 2361 patet.
460 2301 572 2344 Nam
601 2301 676 2360 qui
705 2310 804 2356 aut,
833 2309 1002 2362 tempus
1031 2301 1137 2361 quid
1165 2300 1380 2361 postulet,
1408 2317 1496 2344 non
1520 2300 1660 2355 videt,

297 2391 374 2425 aut
401 2379 528 2441 plura
552 2379 763 2440 loquitur,
793 2391 865 2425 aut
892 2400 935 2426 se
959 2392 1170 2438 ostentat,
1198 2391 1272 2425 aut
1295 2398 1467 2437 eorum,
1489 2381 1663 2440 quibus-

298 2478 399 2505 cum
425 2470 512 2518 est,
540 2460 605 2505 vel
635 2449 886 2522 dignitatis,
913 2462 979 2506 vel
1000 2462 1216 2507 commodi
1238 2463 1450 2506 rationem
1479 2478 1566 2504 non
1592 2462 1664 2504 ha-

299 2543 393 2599 bet,
421 2552 494 2586 aut
524 2542 711 2602 denique
736 2544 779 2586 in
806 2542 951 2604 aliquo
975 2560 1131 2604 genere
1156 2553 1230 2587 aut
1257 2542 1563 2595 inconcinnus,
1592 2552 1667 2585 aut

302 2622 463 2667 multus
489 2633 576 2678 est,
604 2623 639 2666 is
669 2624 840 2682 ineptus
863 2624 1032 2667 dicitur.
