1843 3166
700 301 843 336 LIBER
874 304 901 336 1.
1430 307 1477 355 39

117 381 229 423 cuim
259 392 344 424 tam
374 382 558 442 insigne,
591 400 666 427 nec
703 395 787 427 tam
818 386 870 428 ad
901 386 1233 431 diuturnitatem
1266 392 1479 436 memoriae

118 460 290 517 stabile,
316 479 445 521 quam
472 462 534 518 id,
561 464 604 506 in
633 481 718 523 quo
744 465 908 525 aliquid
935 466 1178 510 offenderis.

183 543 333 601 Itaque
357 552 406 586 ut
429 542 482 586 ad
507 544 618 587 banc
643 545 967 589 similitudinem
990 547 1121 606 hujus
1147 547 1367 591 histrionis
1385 566 1481 592 ora-

120 623 272 664 toriam
298 622 466 666 laudem
501 624 759 685 dirigamus,
786 626 1015 684 videtisne,
1042 644 1170 687 quam
1197 628 1302 671 nihil
1330 629 1383 671 ab
1411 645 1482 686 eo,

122 703 200 744 nisi
219 704 425 761 perfecte,
452 704 559 748 nihil
585 706 663 748 nisi
691 722 790 749 cum
815 723 982 750 summa
1005 718 1229 751 venustate
1254 708 1354 752 fiat?
1378 708 1485 752 nihil

122 782 200 824 nisi
229 784 308 838 ita,
329 793 375 826 ut
399 784 569 839 deceat,
594 796 633 829 et
664 787 724 830 uti
752 804 899 831 omnes
922 799 1094 831 moveat
1120 798 1249 848 atque
1276 788 1487 833 delectet?

121 867 272 923 Itaque
296 866 378 909 hoc
401 867 489 925 jam
516 866 589 910 diu
622 878 685 911 est
712 880 991 926 consecutus,
1022 880 1089 925 ut,
1122 871 1162 913 in
1190 888 1276 930 quo
1307 871 1488 930 quisque

122 945 305 989 artificio
335 945 582 1001 excelleret,
613 949 646 991 is
676 950 719 992 in
754 966 832 993 suo
865 966 1020 1010 genere
1046 952 1226 994 Roscius
1259 950 1488 994 diceretur.

123 1027 245 1068 Hanc
278 1042 358 1086 ego
382 1027 694 1073 absolutionem
724 1030 1118 1090 perfectionemque
1152 1032 1196 1074 in
1222 1041 1393 1074 oratore
1417 1030 1490 1074 de-

124 1103 335 1161 siderans,
366 1123 390 1149 a
426 1124 512 1166 qua
549 1109 637 1168 ipse
674 1108 800 1170 longe
840 1110 1016 1165 absum,
1044 1109 1155 1153 facio
1183 1110 1489 1170 impudenter:

124 1184 230 1227 mihi
259 1186 373 1229 enim
398 1185 497 1230 volo
526 1189 714 1248 ignosci,
741 1190 892 1232 ceteris
926 1191 1015 1250 ipse
1046 1207 1133 1233 non
1159 1191 1350 1250 ignosco.
1378 1192 1492 1235 Nam

126 1266 199 1323 qui
240 1283 327 1309 non
360 1278 521 1327 potest,
560 1270 633 1327 qui
675 1270 827 1313 vitiose
864 1269 988 1325 facit,
1023 1287 1151 1330 quem
1186 1270 1372 1330 denique
1406 1287 1491 1314 non

126 1345 267 1402 decet,
296 1348 412 1391 hunc
431 1349 497 1408 (ut
523 1348 781 1408 Apollonius
807 1349 1007 1409 jubebat)
1035 1350 1088 1393 ad
1116 1350 1183 1404 id,
1209 1350 1326 1410 quod
1359 1350 1497 1394 facere

126 1428 280 1485 possit,
308 1427 628 1471 detrudendum
655 1439 777 1488 puto.

189 1509 351 1551 XXIX.
387 1508 504 1551 Num
524 1518 571 1551 tu
590 1509 744 1569 igitur,
765 1510 909 1569 inquit
925 1509 1163 1570 Sulpicius,
1184 1527 1270 1566 me,
1289 1520 1364 1553 aut
1381 1511 1500 1554 hunc

127 1591 320 1643 Cottam,
334 1588 405 1647 jus
429 1588 573 1644 civile,
592 1599 666 1632 aut
683 1606 772 1632 rem
788 1589 1018 1633 militarem
1032 1590 1158 1650 jubes
1177 1589 1370 1634 discere?
1386 1592 1499 1635 Nam

128 1668 223 1727 quis
246 1667 300 1711 ad
326 1669 405 1711 ista
431 1685 618 1724 summa,
644 1680 774 1729 atque
801 1671 843 1712 in
871 1671 987 1712 omni
1013 1686 1170 1728 genere
1195 1670 1407 1730 perfecta,
1426 1687 1503 1730 po-

128 1757 211 1789 test
246 1747 497 1807 pervenire?
532 1750 643 1790 Tum
679 1747 768 1801 ille,
811 1750 903 1806 Ego
943 1764 1063 1803 vero,
1101 1749 1264 1806 inquit,
1304 1748 1423 1808 quod
1459 1750 1503 1792 in

129 1827 250 1870 vobis
275 1828 491 1887 egregiam
517 1826 749 1886 quamdam
780 1844 829 1870 ac
860 1826 1110 1887 praeclaram
1136 1826 1326 1871 indolem
1356 1827 1411 1871 ad
1443 1828 1504 1871 di-

130 1906 313 1949 cendum
348 1923 437 1949 esse
470 1908 676 1967 cognovi,
705 1906 868 1950 idcirco
894 1907 985 1950 haec
1012 1908 1188 1967 exposui
1222 1909 1398 1951 omnia:
1428 1925 1506 1952 nec

130 1988 266 2047 magis
306 1986 359 2030 ad
392 2004 462 2030 eos
497 1986 798 2042 deterrendos,
828 1988 902 2047 qui
942 2004 1029 2030 non
1064 1997 1260 2047 possent,
1288 2003 1417 2047 quam
1454 1988 1505 2031 ad

132 2083 228 2122 vos,
263 2069 336 2126 qui
369 2068 573 2127 possetis,
608 2067 879 2111 exacuendos
910 2066 1232 2110 accommodavi
1269 2068 1508 2111 orationem

132 2163 270 2190 meam
312 2165 319 2190 :
364 2157 406 2190 et
446 2164 696 2207 quanquam
742 2148 786 2190 in
831 2157 1017 2206 utroque
1057 2157 1248 2190 vestrum
1290 2163 1509 2190 summum

134 2244 222 2270 esse
258 2228 480 2287 ingenium
519 2227 800 2288 studiumque
829 2228 1053 2287 perspexi,
1086 2237 1229 2270 tamen
1265 2228 1376 2283 haee,
1416 2244 1511 2287 quae

135 2317 236 2349 sunt
257 2309 299 2349 in
320 2310 457 2367 specie
475 2310 634 2368 posita,
654 2308 706 2352 de
731 2309 888 2368 quibus
907 2307 1031 2367 plura
1051 2307 1230 2351 fortasse
1252 2307 1363 2364 dixi,
1382 2323 1511 2367 quam

136 2386 274 2430 solent
302 2389 443 2430 Graeci
470 2388 632 2443 dicere,
657 2390 701 2431 in
729 2398 790 2443 te,
817 2386 1004 2447 Sulpici,
1031 2387 1178 2431 divina
1203 2398 1319 2432 sunt.

201 2469 293 2527 Ego
330 2468 444 2510 enim
480 2470 719 2524 neminem,
749 2485 827 2511 nec
858 2477 979 2511 motu
1010 2470 1228 2528 corporis,
1254 2485 1395 2529 neque
1421 2469 1513 2528 ipso

138 2545 289 2589 habitu
316 2556 446 2606 atque
472 2547 610 2591 forma
635 2549 867 2607 aptiorem,
903 2563 982 2590 nec
1019 2564 1124 2591 voce
1149 2546 1411 2608 pleniorem,
1439 2556 1515 2589 aut

140 2627 382 2670 suaviorem
418 2628 525 2670 mihi
562 2627 710 2671 videor
747 2627 950 2671 audisse:
981 2644 1075 2687 quae
1113 2628 1271 2688 quibus
1302 2644 1325 2670 a
1358 2636 1515 2670 natura

141 2706 311 2749 minora
343 2706 441 2750 data
468 2717 594 2765 sunt,
623 2718 763 2751 tamen
793 2707 901 2751 illud
932 2708 1096 2767 assequi
1133 2718 1332 2768 possunt,
1364 2716 1412 2750 ut
1444 2707 1514 2763 iis,
