1843 3166
728 198 875 233 LIBER
904 200 951 232 11.
1445 213 1458 236 ι
1469 202 1516 244 43

155 277 307 335 modo,
341 280 414 339 qui
442 288 700 339 arguuntur,
728 280 799 322 sed
828 297 1000 337 omnes,
1030 297 1217 341 quorum
1241 283 1294 326 de
1311 301 1355 327 re
1382 284 1516 329 disce-

156 369 334 419 ptatur:
363 360 421 403 sic
450 361 565 403 enim
591 359 695 404 olim
723 359 1027 420 loquebantur.

219 442 388 484 Horum
414 440 547 500 igitur
566 441 809 501 exprimere
828 458 970 486 mores
987 444 1185 486 oratione
1199 477 1211 499 ,
1231 443 1390 502 justOS,
1410 444 1517 488 inte-

155 536 273 580 gros,
300 519 545 580 religiosos,
570 520 764 578 timidos,
784 521 1046 582 perferentes
1064 523 1340 583 injuriarum,
1362 525 1519 567 mirum

154 599 360 660 quiddam
390 598 528 656 valet3
559 610 601 644 et
627 601 711 645 hoc
740 601 806 646 vel
846 603 889 645 in
916 603 1161 664 principiis,
1185 603 1253 647 vel
1276 605 1320 647 in
1347 620 1394 647 re
1422 620 1522 647 nar-

154 680 289 724 randa
301 715 312 737 ‚
333 679 396 724 vel
412 681 455 724 in
473 681 736 741 peroranda,
755 693 920 727 tantam
939 684 1070 728 habet
1085 685 1190 739 vim,
1209 685 1242 729 si
1259 695 1323 729 est
1336 685 1523 729 suaviter

154 771 198 805 et
217 778 317 805 cum
330 778 455 805 sensu
473 771 701 807 tractatum
716 798 727 820 ,
742 774 792 808 ut
806 781 916 825 saepe
929 764 1048 826 plus,
1063 782 1193 826 quam
1206 782 1355 820 causa,
1369 765 1519 809 valeat.

153 844 343 885 Tantum
359 851 503 886 autem
516 843 703 888 efficitur
716 861 844 888 sensu
859 845 1047 905 quodam
1060 881 1071 903 ,
1085 863 1135 890 ac
1149 846 1315 890 ratione
1330 845 1522 899 dicendi,

155 932 201 966 ut
217 923 339 982 quasi
358 940 500 967 mores
516 926 702 969 oratoris
720 925 898 987 effingat
923 927 1076 970 oratio.
1099 928 1272 971 Genere
1289 928 1404 970 enim
1417 943 1526 987 quo-

153 1003 253 1047 dam
276 1004 613 1061 sententiarum,
637 1015 681 1049 et
709 1022 865 1066 genere
889 1007 1145 1063 verborum,
1175 1007 1367 1051 adhibita
1393 1008 1520 1050 etiam

153 1086 321 1128 actione
335 1084 442 1140 leni,
458 1085 793 1147 facilitatemque
808 1087 1090 1148 significanti,
1107 1087 1307 1145 efficitur,
1321 1098 1369 1131 ut
1380 1088 1521 1149 probi,

154 1174 203 1208 ut
228 1165 336 1208 bene
360 1167 544 1223 morati,
572 1176 621 1210 ut
650 1167 752 1210 boni
779 1169 860 1211 viri
881 1184 972 1212 esse
996 1168 1237 1212 videantur.

220 1248 375 1290 XLIV.
415 1247 527 1290 Huic
545 1257 690 1291 autem
713 1258 776 1292 est
796 1247 869 1291 illa
892 1248 1039 1309 dispar
1059 1248 1263 1308 adjuncta
1290 1249 1399 1291 ratio
1425 1264 1522 1291 ora-

155 1328 306 1383 tionis,
335 1343 429 1386 quae
449 1326 533 1370 alio
561 1327 750 1388 quodam
772 1344 927 1388 genere
942 1337 1110 1371 mentes
1131 1327 1328 1388 judicum
1350 1343 1522 1387 permo-

157 1416 251 1463 vet,
277 1406 570 1467 impellitque,
595 1416 643 1451 ut
663 1417 738 1451 aut
764 1408 962 1465 oderint,
987 1417 1061 1452 aut
1086 1407 1289 1468 diligant,
1316 1417 1391 1450 aut
1417 1407 1525 1450 invi-

159 1488 312 1544 deant,
333 1498 408 1532 aut
427 1487 592 1532 salvum
613 1487 767 1546 velint,
792 1498 867 1532 aut
888 1497 1106 1545 metuant,
1129 1497 1203 1531 aut
1227 1497 1424 1548 sperent,
1450 1497 1525 1531 aut

158 1568 363 1628 cupiant,
390 1578 465 1611 aut
482 1568 766 1624 abhorreant,
790 1578 863 1612 aut
878 1567 1092 1623 laetentur,
1113 1577 1188 1611 aut
1202 1576 1429 1622 moereant,
1453 1577 1527 1610 aut

161 1649 461 1705 misereantur,
485 1658 561 1692 aut
580 1648 736 1708 punire
757 1647 911 1704 velint,
937 1657 1012 1691 aut
1037 1646 1090 1691 ad
1119 1663 1190 1690 eos
1218 1656 1362 1690 motus
1389 1645 1525 1690 addu-

160 1739 330 1785 cantur,
358 1730 391 1772 si
420 1730 494 1789 qui
516 1729 688 1772 finitimi
714 1738 836 1785 sunt,
866 1738 907 1772 et
933 1728 1168 1789 propinqui
1197 1727 1263 1771 his
1291 1744 1340 1771 ac
1370 1726 1527 1771 talibus

161 1810 293 1852 animi
316 1810 734 1870 perturbationibus.

228 1895 372 1950 Atque
399 1889 507 1933 illud
532 1890 772 1951 optandum
795 1900 858 1934 est
876 1891 1058 1944 oratori,
1081 1899 1130 1933 ut
1143 1888 1333 1949 aliquam
1354 1904 1528 1948 permo-

164 1972 329 2015 tionem
351 1973 599 2014 animorum
616 1987 690 2014 sua
712 1980 868 2030 sponte
892 1971 972 2030 ipsi
997 1969 1180 2013 afferant
1197 1968 1251 2012 ad
1275 1985 1446 2012 causam
1459 1969 1529 2028 ju-

164 2051 280 2095 dices
296 2086 308 2107 ,
329 2051 383 2095 ad
401 2051 443 2094 id
454 2086 465 2106 ,
486 2051 604 2111 quod
620 2050 785 2094 utilitas
800 2051 985 2093 oratoris
1001 2050 1129 2105 feret,
1145 2049 1527 2093 accommodatam.

163 2130 350 2175 Facilius
376 2141 439 2175 est
468 2133 584 2175 enim
613 2140 861 2174 currentem
886 2130 965 2192 (ut
988 2130 1141 2190 aiunt)
1167 2130 1370 2184 incitare,
1399 2145 1528 2188 quam

164 2227 435 2254 commovere
468 2211 763 2272 languentem.
796 2211 871 2253 Sin
904 2209 969 2265 id,
999 2219 1074 2252 aut
1107 2226 1194 2253 non
1216 2210 1317 2264 erit,
1349 2218 1424 2252 aut
1452 2209 1533 2252 erit

166 2292 414 2347 obscurius,
428 2292 539 2334 sicut
551 2291 721 2334 medico
734 2289 947 2350 diligenti,
962 2290 1215 2349 priusquam
1228 2300 1532 2349 coneturaegro

166 2372 375 2417 adhibere
402 2370 683 2427 medicinam,
714 2388 802 2413 non
830 2368 970 2413 solum
994 2370 1172 2413 morbus
1200 2370 1316 2429 ejus,
1347 2370 1415 2412 cui
1447 2385 1534 2411 me-

168 2453 261 2496 deri
282 2451 420 2506 volet,
447 2450 521 2494 sed
535 2451 665 2494 etiam
687 2448 958 2494 consuetudo
971 2449 1176 2505 valentis,
1204 2459 1245 2492 et
1272 2459 1427 2492 natura
1440 2464 1533 2491 cor-

172 2533 290 2593 poris
327 2530 627 2592 cognoscenda
664 2540 727 2574 est
759 2548 767 2572 :
808 2530 867 2572 sic
900 2528 1099 2588 equidem
1136 2546 1271 2589 quum
1307 2526 1534 2587 aggredior

169 2613 402 2673 ancipitem
422 2627 595 2655 causam
620 2620 661 2653 ct
682 2626 856 2671 gravem
892 2609 944 2652 ad
966 2610 1133 2653 animos
1156 2609 1353 2669 judicum
1374 2617 1535 2667 pertra-
