1843 3166
598 211 996 247 ADNOTATIONhs
1406 213 1478 260 319

124 289 169 323 ad
188 288 452 333 inventionem,
478 295 519 323 ut
537 288 614 334 ipse
634 289 761 335 paullo
783 294 870 335 post
900 287 1163 334 interpretatur
1183 301 1190 320 ;
1221 304 1234 318 ι
1262 287 1404 333 Quibus
1435 301 1477 324 ex

124 348 249 383 locis...
270 348 428 383 ducatur
446 346 578 383 oratio.
604 364 619 379 »
637 349 735 383 Lm.

178 418 288 452 Reum
310 419 548 452 consularem.
568 418 619 451 M.
640 415 848 463 Aquilium,
872 416 958 463 qui,
976 421 1061 463 post
1080 414 1184 450 civile
1202 416 1340 452 bellum
1360 419 1398 452 in
1422 419 1480 453 Si-

121 477 203 512 cilia
225 478 454 523 confectum,
478 476 524 512 de
551 476 766 523 repetundis
792 477 958 524 pecuniis
978 488 1123 511 causam
1143 475 1246 511 dixit.
1269 479 1394 521 Quum
1419 479 1481 524 ju-

122 538 247 573 dicum
271 537 562 574 misericordiam
588 537 788 584 implorare
815 539 948 583 nollet,
967 539 1018 572 M.
1039 536 1223 572 Antonius
1253 539 1415 573 tunicam
1435 540 1480 573 ab

121 598 200 644 ejus
225 606 376 646 pectore
403 597 569 643 discidit,
588 605 629 633 ut
645 599 816 634 honestas
839 598 1024 633 cicatrices
1049 598 1148 632 bello
1174 604 1341 644 acceptas
1354 605 1480 633 osten-

121 659 234 695 deret.
250 660 396 705 Quibus
410 659 615 707 conspectis
628 687 638 704 ,
656 672 740 695 reus
754 660 945 695 absolutus
964 666 1036 704 est,
1056 657 1162 706 quod
1178 658 1316 693 factum
1327 659 1482 694 Antonii

122 727 349 756 memoratur
367 721 406 756 in
427 721 583 756 exordio
606 721 829 756 Milonianae.
851 723 985 756 Pnusr.

175 790 275 835 Quid
285 803 354 839 ego
367 792 413 826 de
441 791 502 826 Cn.
526 792 700 827 Manlii...
721 792 768 826 de
793 793 836 837 Q.
863 791 991 838 Regis,
1019 796 1087 824 etc.
1108 790 1174 824 Cn.
1197 789 1355 824 Manlius
1381 797 1416 824 et
1436 791 1480 834 Q.

120 851 248 887 Servil.
281 852 428 899 Caepio,
458 854 718 899 proconsules,
746 864 766 888 a
791 851 949 888 Cimbris
978 851 1066 886 victi
1094 850 1250 897 proelio,
1282 850 1482 898 castrisque

121 911 216 947 binis
228 913 328 947 exuti
341 920 436 949 sunt.
452 913 499 948 80
518 913 631 948 millia
641 913 797 948 militum
819 913 956 957 occisa,
969 925 1054 947 cum
1075 917 1120 954 4ο
1139 911 1301 946 millibus
1313 913 1481 946 calonum

120 985 162 1008 ac
183 973 352 1009 lixarum.
378 975 431 1009 Ea
455 974 575 1010 clades
594 975 724 1010 incidit
743 987 774 1010 a.
789 976 834 1010 U.
856 976 894 1010 C.
912 975 998 1021 649.
1026 975 1159 1008 Puusr.
1174 994 1224 998 —
1242 973 1427 1008 Antonius
1446 973 1480 1007 in

120 1045 228 1069 causa
252 1036 296 1080 Q.
317 1035 428 1082 Regis
455 1035 494 1069 in
514 1035 867 1070 commiserationem
890 1035 999 1069 etiam
1016 1034 1134 1068 movit
1155 1033 1309 1080 judices.
1329 1035 1384 1068 De
1410 1047 1483 1081 qua

120 1094 232 1141 nihil,
258 1095 364 1142 quod
396 1096 646 1141 meminerim,
675 1096 758 1144 legi.
782 1099 825 1142 Q.
858 1096 1020 1131 Marcius
1048 1097 1129 1130 Rex
1154 1095 1282 1129 consul
1311 1094 1379 1128 fuit
1400 1107 1483 1129 cum

119 1157 170 1190 M.
198 1156 340 1191 Catone
359 1158 521 1203 Nepote,
550 1164 681 1193 auctor
705 1164 757 1193 est
777 1157 934 1201 Gellius,
962 1158 985 1191 l.
1007 1168 1143 1200 X111,c.
1168 1155 1231 1201 183
1260 1162 1296 1190 et
1325 1155 1482 1199 Plinius,

118 1217 140 1250 l.
166 1228 219 1261 11,
239 1229 269 1252 c.
293 1217 351 1252 31.
380 1218 466 1252 Sm.

172 1286 259 1320 Cn.
283 1287 431 1321 XXXI.
456 1287 566 1331 Quod
569 1288 743 1334 personis
766 1289 879 1322 certis.
901 1286 1103 1322 Lambinus
1124 1299 1132 1320 ι
1153 1302 1168 1317 «
1190 1284 1305 1330 Quod
1321 1284 1484 1331 propriis

118 1346 333 1381 nominibus
364 1359 625 1394 personarum,
646 1350 814 1384 locorum
827 1377 836 1393 ‚
863 1361 904 1383 ac
925 1340 1155 1394 temporum,
1177 1345 1390 1381 distinctum
1411 1351 1483 1381 est:

118 1406 156 1440 in
175 1419 252 1453 quo
278 1420 355 1442 uno
382 1408 436 1442 illi
462 1408 634 1455 occupati
652 1416 748 1444 sunt.
776 1408 953 1455 Superius
973 1420 1064 1442 vero
1096 1407 1209 1449 iliud,
1233 1404 1338 1452 quod
1365 1411 1483 1439 totum

119 1473 173 1502 est
198 1467 237 1501 in
255 1467 399 1503 ratione
419 1468 563 1516 generis
589 1469 770 1516 positum,
792 1468 897 1515 quasi
915 1480 990 1502 non
1010 1466 1258 1502 necessarium
1282 1465 1346 1509 sit,
1376 1466 1484 1499 nullis

116 1529 311 1575 praeceptis
324 1529 515 1575 aperiunt,
536 1529 664 1577 ignari.
681 1545 696 1561 »
717 1532 807 1575 Quae
825 1529 884 1563 hic
902 1536 1038 1572 mutat,
1065 1527 1245 1573 additque
1263 1526 1463 1561 Lambinus
1475 1554 1483 1569 ,

117 1600 196 1623 non
214 1596 430 1635 comparent
453 1589 493 1623 in
514 1591 603 1623 Pall.
630 1589 785 1631 nostris;
805 1601 928 1635 neque
953 1589 1046 1623 adeo
1068 1587 1107 1621 in
1131 1587 1223 1621 Pith.
1239 1614 1249 1631 ‚
1271 1593 1334 1620 aut
1359 1588 1482 1620 Mem-

116 1650 246 1686 mianis
260 1678 269 1695 ,
290 1663 384 1698 quos
412 1650 566 1685 excessit
585 1650 798 1685 Gulielmus.
814 1652 938 1685 Gmm.

170 1720 256 1755 CAP.
277 1721 443 1755 XXXII.
473 1722 508 1754 A
531 1720 597 1754 M’.
629 1719 734 1754 Curio
754 1732 904 1754 causam
923 1719 1096 1755 didicisse
1118 1719 1160 1753 L.
1188 1718 1368 1753 Crassum.
1395 1717 1481 1751 Ele—

118 1787 247 1828 ganter
281 1788 316 1816 et
345 1780 535 1828 ingeniose
563 1780 763 1816 Lambinus
793 1780 1058 1828 corrigendum
1078 1770 1222 1814 censuit
1252 1791 1260 1812 :
1285 1778 1354 1812 nisi
1388 1777 1483 1811 forte

120 1841 332 1877 existimatis
352 1854 372 1876 a
390 1842 456 1877 Μ’.
470 1841 573 1876 Curii
593 1842 743 1876 nomine
763 1854 910 1876 causam
929 1841 1074 1876 duxisse
1084 1842 1125 1875 L.
1146 1841 1328 1875 Crassum.
1342 1839 1484 1873 Scaur-

120 1915 212 1938 zms.
228 1905 348 1938 -De
366 1904 435 1938 hac
457 1915 565 1938 causa
582 1903 668 1937 vide
687 1916 721 1948 1,
742 1916 848 1950 capp.
866 1903 913 1950 39
926 1930 936 1947 ,
966 1902 1012 1937 56
1025 1930 1034 1947 ,
1057 1901 1115 1947 57.

175 1973 302 2007 Omnis
321 1973 476 2020 quoestio
498 1985 509 2006 :
530 1973 647 2017 Quum
668 1973 841 2020 scriptum
869 1974 922 2007 ita
946 1973 998 2007 sit.
1025 1972 1095 2007 Hic
1122 1984 1250 2006 rursus
1273 1971 1404 2006 vitiosa
1431 1979 1482 2006 est

119 2033 391 2081 interpunctio,
426 2046 569 2068 comma
598 2034 713 2068 modo
742 2034 882 2069 habens
904 2041 989 2080 post
1019 2034 1199 2081 quoestio;
1232 2032 1333 2067 unde
1364 2039 1483 2067 cetera

121 2094 210 2130 fiant
245 2095 381 2129 vitiosa
403 2094 655 2141 temporibus;
680 2094 833 2130 deberet
859 2095 956 2130 enim
986 2107 1062 2129 esse
1085 2095 1259 2140 scriptum
1279 2101 1394 2135 esset,
1416 2100 1483 2128 etc.

119 2158 238 2191 Immo
258 2155 297 2190 in
315 2156 554 2203 sequentibus
576 2156 776 2202 exponitur
800 2156 938 2191 factum
957 2163 992 2191 et
1015 2155 1168 2203 quaestio
1189 2166 1208 2189 e
1227 2154 1347 2199 fact03
1367 2161 1404 2189 et
1431 2161 1485 2189 est

121 2217 267 2252 initium
286 2229 392 2251 novae
410 2217 608 2252 sententiae.
634 2218 726 2251 Em.

178 2289 266 2324 Cn.
285 2288 471 2322 XXXIII.
492 2289 539 2322 In
560 2288 711 2322 otium...
732 2287 945 2334 soliumque.
965 2286 1062 2321 Vict.
1081 2288 1182 2321 Man.
1201 2285 1329 2320 Lamb.
1348 2284 1484 2319 habent

120 2361 190 2397 pro
210 2349 362 2391 solium,
383 2349 624 2383 solitudinem.
653 2348 812 2393 Solium,
836 2348 876 2382 id
896 2354 967 2392 est,
987 2348 1090 2393 sella,
1114 2349 1172 2382 vel
1200 2347 1356 2382 lectulus
1382 2345 1484 2380 domi

121 2410 264 2457 positus
285 2422 293 2443 :
321 2409 366 2444 de
389 2421 464 2456 quo
490 2410 639 2453 Noster,
661 2422 735 2454 111,
763 2409 810 2452 34
835 2422 844 2444 :
865 2410 900 2443 in
917 2409 1010 2443 solio
1035 2409 1214 2443 sedentes.
1242 2410 1382 2442 Pmmc.

175 2471 262 2505 Cu.
282 2471 463 2505 XXXIV.
484 2471 591 2504 Intra
617 2484 709 2518 quas
730 2483 863 2506 venere
894 2479 929 2505 et
940 2471 1186 2518 pervestiges,
1207 2469 1307 2516 quod
1322 2479 1482 2515 φαεν-ας.

123 2530 219 2566 Mire
237 2531 296 2566 hic
317 2543 374 2565 me
387 2531 490 2565 locus
504 2530 632 2575 torsit,
646 2532 695 2566 ob
711 2531 958 2566 diversitatem
977 2531 1178 2566 lectionum
1192 2541 1272 2577 quae
1294 2528 1333 2562 in
1356 2527 1458 2562 MSS.
1475 2541 1483 2568 ;

126 2591 190 2627 sed
206 2592 292 2626 veni
319 2592 467 2627 demum
487 2592 534 2626 ad
561 2592 697 2626 cubilia
721 2592 799 2627 veri
812 2619 821 2637 ,
841 2592 955 2627 ductu
980 2593 1090 2639 palat.
1115 2590 1247 2637 Quarti
1261 2602 1301 2624 ac
1319 2587 1482 2635 septimi,
