1843 3166
247 232 313 253 ιω)
762 218 821 250 1Ηῦ
850 215 1052 250 ORATOR
1063 216 1087 248 E

240 319 393 347 sonum
422 303 537 346 vocis
571 304 636 345 vir
664 303 878 362 optimus,
905 301 1048 345 Crassi
1078 298 1321 351 finniliaris,
1349 296 1577 355 Antipater
1600 310 1608 337 ε

239 386 369 428 ceteri
398 402 484 427 non
515 393 797 427 exornatores
828 398 1001 437 rerum,
1034 380 1106 423 sed
1133 376 1440 422 tantummodo
1467 392 1614 419 narra-

243 475 355 509 tores
379 465 569 509 fuerunt.

305 548 622 601 XIII.——Est,
657 545 797 605 inquit
827 543 1030 598 Catulus,
1068 552 1115 585 ut
1139 540 1275 584 dicis:
1314 538 1386 583 sed
1413 538 1492 581 istc
1525 538 1615 597 ipse

243 628 404 673 Coelius
426 644 568 687 neque
592 626 790 670 distinxit
815 625 1041 668 historiam
1072 623 1278 665 varietate
1302 619 1524 673 locorum;
1551 635 1618 661 ne-

244 727 328 770 que
355 709 589 752 verborum
615 706 928 760 collocatione,
963 714 1005 748 ct
1040 713 1183 747 tractu
1214 702 1424 745 orationis
1454 698 1543 743 leni
1577 708 1619 742 et

246 789 447 850 aequabili
476 787 710 849 perpolivit
735 787 842 831 illud
868 802 1003 847 opus,
1032 784 1105 828 sed
1134 794 1181 827 ut
1201 784 1332 826 homo
1354 798 1497 841 neque
1524 780 1621 824 doc-

247 881 338 926 tus,
374 887 513 930 neque
545 870 731 913 maxime
764 878 891 928 aptus
924 866 978 910 ad
1013 865 1267 919 dicendum,
1305 865 1417 908 sicut
1449 862 1620 923 potuit,

248 951 440 994 dolavit:
472 951 574 994 vicit
601 960 765 1005 tamen,
798 958 844 992 ut
868 948 995 1002 dicis,
1025 947 1283 1007 superiores.

312 1032 570 1074 —Minime
593 1031 772 1085 mirum,
801 1029 944 1088 inquit
962 1028 1198 1081 Antonius,
1226 1027 1260 1069 si
1286 1027 1366 1069 ista
1391 1041 1458 1069 res
1478 1024 1622 1068 adhuc

251 1121 400 1155 nostra
426 1110 575 1172 lingua
603 1110 818 1153 illustrata
848 1126 936 1152 non
960 1118 1037 1151 est.
1068 1108 1209 1151 Nemo
1230 1107 1346 1149 enim
1370 1105 1516 1149 studet
1541 1103 1624 1148 elo-

254 1193 439 1253 quentiae
462 1201 711 1235 nostrorum
732 1190 961 1233 hominum
976 1223 987 1243 ,
1016 1188 1100 1232 nisi
1124 1197 1171 1230 ut
1195 1188 1239 1230 in
1264 1186 1405 1230 causis
1428 1195 1556 1245 atque
1582 1186 1626 1228 in

256 1273 352 1317 foro
377 1272 569 1326 eluceat3
610 1271 727 1331 apud
752 1273 928 1315 Graecos
952 1279 1096 1312 autem
1123 1267 1468 1328 eloquentissimi
1494 1266 1630 1309 homi-

257 1371 352 1411 nes,
395 1353 552 1397 remoti
591 1370 615 1397 a
651 1353 791 1396 causis
828 1351 1091 1405 forensibus,
1123 1366 1259 1409 quum
1285 1347 1340 1392 acl
1370 1358 1533 1392 ceteras
1562 1363 1629 1390 res

259 1434 468 1492 illustres,
505 1445 599 1479 tum
625 1433 679 1477 ad
707 1432 980 1478 scribendam
1008 1431 1235 1475 historiam
1265 1430 1454 1473 maxime
1481 1445 1525 1472 se
1552 1445 1628 1488 ap-

259 1516 543 1578 plicaverunt.
565 1518 768 1575 Namque
793 1525 834 1558 et
857 1513 1128 1558 Herodotum
1154 1512 1301 1567 illum,
1329 1512 1404 1571 qui
1427 1510 1628 1570 princeps

260 1614 396 1659 genus
436 1598 519 1641 hoc
558 1598 757 1650 ornavit,
798 1597 841 1638 in
875 1596 1013 1638 causis
1056 1594 1163 1637 nihil
1196 1594 1376 1637 omnino
1412 1600 1630 1635 versatum

259 1696 348 1723 esse
375 1679 619 1739 accepimus
643 1696 652 1721 ε
682 1678 803 1738 atqui
829 1686 950 1720 tanta
972 1685 1035 1719 est
1058 1673 1332 1735 eloquentia,
1364 1682 1409 1717 ut
1437 1689 1505 1716 me
1532 1672 1632 1732 qui-

261 1759 378 1815 dem,
417 1768 630 1819 quantum
663 1774 743 1818 ego
780 1773 917 1818 graece
955 1757 1118 1816 scripta
1157 1753 1395 1815 intelligere
1432 1770 1633 1814 possum,

262 1856 525 1901 magnopere
554 1837 751 1882 delectet.

325 1923 381 1965 Et
415 1930 514 1981 post
552 1919 675 1963 illum
710 1918 987 1980 Thucydides
1024 1934 1175 1962 omnes
1217 1916 1387 1960 dicendi
1427 1914 1636 1971 artificio,

264 2018 359 2045 mea
385 2002 599 2045 sententia
613 2035 624 2053 ,
650 1999 774 2043 facile
798 2000 902 2043 vicit
924 2016 932 2041 :
959 1999 1033 2058 qui
1055 2001 1116 2042 ita
1133 1998 1283 2042 creber
1303 2007 1366 2041 est
1389 2013 1536 2039 rerum
1555 1993 1637 2038 fre-

266 2083 466 2143 quentia,
516 2092 565 2125 ut
604 2081 836 2124 verborum
880 2096 1015 2140 prope
1054 2095 1287 2123 numerum
1328 2077 1640 2122 sententiarum

268 2178 449 2206 numero
467 2171 782 2220 consequatur3
810 2161 870 2203 ita
888 2177 1019 2220 porro
1040 2161 1181 2203 verbis
1202 2169 1353 2219 aptus,
1380 2168 1423 2202 et
1442 2174 1639 2218 preSSUS,

268 2252 315 2285 ut
338 2243 522 2298 nescias,
547 2251 694 2284 utrum
717 2257 785 2283 res
813 2241 1032 2296 oratione,
1061 2257 1116 2283 an
1144 2240 1273 2283 verba
1299 2239 1523 2282 sententiis
1549 2236 1641 2280 illu-

267 2332 471 2367 strentur.
498 2324 629 2382 Atqui
646 2339 700 2365 ne
718 2322 836 2365 hunc
858 2320 1054 2382 quidem,
1080 2337 1332 2380 quanquam
1358 2329 1422 2363 est
1444 2320 1488 2362 in
1511 2334 1641 2378 repu-

270 2402 383 2446 blica
404 2412 619 2458 versatus,
646 2419 695 2445 ex
723 2418 907 2445 numero
933 2402 1178 2461 accepimus
1204 2417 1378 2455 eorum,
1402 2399 1476 2459 qui
1493 2413 1642 2441 causas

271 2483 542 2537 dictitarunt3
573 2493 615 2526 et
639 2483 716 2526 hos
739 2482 873 2527 libros
898 2493 990 2527 tum
1016 2482 1237 2542 scripsisse
1258 2481 1432 2534 dicitur,
1455 2494 1594 2538 quum
1620 2495 1644 2521 a

271 2563 495 2623 republica
520 2574 732 2619 remotus,
759 2574 910 2623 atque,
934 2563 977 2606 id
1002 2563 1120 2622 quod
1143 2564 1309 2624 optimo
1333 2561 1491 2619 cuique
1515 2560 1645 2603 Athe-

274 2646 336 2688 nis
359 2644 564 2689 accedere
589 2644 763 2688 solitum
788 2654 869 2699 est,
897 2645 938 2687 in
966 2643 1162 2687 exsilium
1188 2642 1336 2703 pulsus
1365 2650 1487 2684 essct.
