1843 3166
351 189 369 210 2
384 177 423 218 28
867 177 929 210 nE
958 176 1196 210 ORATORF.

352 277 451 304 vero
467 262 694 306 Manilium
712 278 787 304 nos
805 262 934 303 etiam
951 259 1135 302 vidimus
1151 268 1397 301 transverso
1417 255 1708 314 ambulantem

352 342 464 397 soi-03
478 342 594 401 quod
610 352 699 386 erat
721 343 902 402 insigne,
917 357 1035 395 eum,
1049 341 1121 399 qui
1140 339 1181 381 id
1196 339 1374 390 faceret,
1388 336 1527 380 facere
1542 337 1708 382 civibus

349 423 549 466 omnibus
575 421 744 466 consilii
769 423 831 466 sui
856 422 1023 481 copiam
1047 438 1055 463 ε
1083 419 1135 463 ad
1161 436 1268 478 quos
1291 417 1392 461 olim
1418 427 1459 460 et
1480 417 1538 460 ita
1560 417 1709 461 ambu-

350 502 507 556 lantes,
535 513 574 545 et
603 504 644 545 in
676 502 783 546 solio
810 502 1006 544 sedentes
1035 500 1175 554 domi,
1206 500 1265 541 sic
1285 497 1498 552 adibatur,
1526 513 1612 539 non
1639 514 1708 541 so-

349 581 437 625 lum
462 593 506 625 ut
529 583 694 641 dejure
722 581 836 625 civili
859 581 912 624 ad
937 598 1030 635 eos,
1056 595 1204 622 verum
1229 579 1354 620 ctiam
1385 577 1437 619 de
1458 575 1544 619 filia
1569 575 1704 620 collo-

347 662 505 715 canda,
533 662 586 704 de
612 663 746 704 fundo
766 661 970 713 emendo,
992 660 1045 702 de
1072 675 1177 718 agro
1201 657 1402 713 colendo,
1426 657 1479 700 de
1500 658 1618 700 omni
1639 657 1707 700 de-

349 744 477 801 nique
504 751 579 784 aut
600 742 769 796 officio,
792 750 866 783 aut
889 739 1061 799 negotio
1087 738 1333 780 referretur.

409 824 509 864 llaec
535 821 616 864 fuit
637 823 681 863 P.
701 820 842 864 Crassi
866 817 982 861 illius
998 818 1176 871 veteris,
1197 816 1286 859 haec
1302 816 1397 859 Tib.
1420 820 1705 875 Coruncanii,

348 903 434 945 haec
450 904 597 962 proavi
619 902 762 962 generi
784 901 887 955 mei,
907 898 1138 957 Scipionis,
1154 896 1475 956 prudentissimi
1495 898 1704 955 hominis,

346 981 581 1040 sapientia,
613 982 686 1039 qui
710 995 859 1022 omncs
885 977 1111 1037 pontifices
1139 976 1315 1018 maximi
1345 975 1543 1032 fuerunt,
1579 986 1627 1020 ut
1651 978 1705 1022 ad

345 1076 415 1102 cos
436 1059 487 1103 de
513 1059 715 1103 omnibus
736 1058 893 1101 divinis
914 1065 1044 1115 atque
1069 1055 1270 1097 humanis
1291 1055 1418 1097 rebus
1445 1055 1702 1100 referretur:

345 1139 562 1199 iidemque
589 1149 630 1182 et
658 1141 701 1182 in
731 1149 905 1191 senatu,
939 1145 980 1181 ct
1006 1134 1122 1197 apud
1155 1132 1392 1194 populum,
1428 1144 1469 1178 et
1494 1136 1539 1178 in
1566 1138 1702 1181 causis

345 1221 600 1274 amicorum,
623 1229 663 1262 et
690 1219 832 1275 domi,
855 1228 897 1262 et
914 1217 1076 1261 militiae
1097 1213 1323 1260 consilium
1342 1231 1466 1260 suum
1489 1215 1703 1277 fidemque

343 1302 615 1360 praestabant.

405 1382 524 1437 Quid
549 1383 665 1424 enim
686 1384 745 1424 M.
764 1383 943 1437 Catoni,
972 1390 1125 1439 praeter
1154 1380 1264 1422 hanc
1284 1379 1584 1439 politissimam
1602 1378 1701 1423 doc-

344 1463 499 1504 trinam
527 1463 859 1504 transmarinam
887 1470 1014 1519 atquc
1041 1459 1322 1502 adventitiam
1340 1493 1350 1513 ,
1384 1458 1544 1501 defuit?
1569 1475 1697 1513 num,

340 1543 441 1601 quia
466 1543 535 1600 jus
561 1541 684 1584 civile
712 1541 944 1592 didicerat,
975 1555 1124 1581 causas
1153 1554 1240 1581 non
1267 1538 1467 1581 dicebat?
1494 1548 1568 1581 aut
1596 1540 1697 1598 quia

339 1631 507 1681 poterat
538 1621 699 1675 dicere,
722 1621 832 1679 juris
865 1618 1087 1661 scientiam
1121 1616 1394 1677 negligebat?
1422 1620 1479 1661 At
1512 1628 1698 1677 utroque

338 1703 380 1744 in
401 1718 558 1761 genere
579 1711 619 1744 ct
651 1700 886 1752 laboravit,
921 1708 963 1741 et
994 1698 1206 1758 praestitit.
1234 1698 1351 1741 Num
1382 1707 1558 1757 propter
1584 1697 1696 1742 hanc

338 1797 387 1822 cx
414 1782 685 1840 privatorum
707 1779 892 1839 negotiis
915 1776 1139 1820 collectam
1162 1776 1344 1836 gratiam
1366 1775 1529 1820 tardior
1556 1777 1599 1819 in
1625 1793 1694 1821 re-

335 1858 507 1918 publica
542 1858 801 1919 capessenda
826 1857 930 1900 fuit?
958 1858 1097 1900 Nemo
1125 1855 1242 1916 apud
1274 1855 1486 1915 populum
1519 1856 1694 1914 fortior,

336 1956 460 1982 nemo
498 1939 651 1982 melior
675 1948 868 1993 senator;
904 1937 1018 1979 idem
1054 1934 1178 1979 facile
1213 1936 1402 1994 optimus
1429 1936 1692 1995 imperator3

335 2018 520 2077 denique
545 2018 652 2061 nihil
683 2020 725 2060 in
759 2018 838 2060 hac
863 2017 1037 2060 civitate
1067 2015 1330 2075 temporibus
1364 2013 1447 2059 illis
1482 2017 1581 2058 sciri
1606 2015 1693 2059 dis-

334 2100 424 2140 cive
459 2099 622 2157 potuit,
647 2097 763 2157 quod
793 2096 864 2139 ille
898 2113 983 2138 non
1010 2111 1144 2154 quum
1165 2095 1436 2155 investigarit
1461 2105 1503 2138 et
1525 2096 1690 2152 scierit,

336 2187 427 2219 tum
447 2177 576 2219 etiam
598 2177 913 2235 conscripserit.

398 2259 525 2301 Nunc
553 2265 700 2299 contra
732 2255 923 2315 plerique
955 2255 1007 2298 ad
1036 2256 1220 2298 honores
1245 2255 1544 2315 adipiscendos
1569 2267 1611 2300 et
1633 2258 1688 2300 ad

334 2336 644 2396 rempublicam
687 2336 917 2396 gerendam
953 2336 1059 2379 nudi
1095 2337 1275 2378 veniunt
1311 2345 1440 2396 atque
1478 2336 1685 2393 inermes,

333 2414 452 2458 nulla
477 2415 722 2475 cognitione
746 2431 910 2469 rerum,
928 2413 1045 2457 nulla
1061 2415 1237 2458 scientia
1257 2416 1410 2458 ornati.
1437 2415 1512 2458 Sin
1529 2413 1685 2475 aliquis

332 2493 502 2537 excellit
524 2511 634 2538 unus
658 2511 680 2538 e
701 2494 870 2550 multis,
891 2494 1017 2537 effert
1040 2510 1106 2548 se,
1132 2496 1165 2537 si
1195 2511 1328 2537 unum
1352 2493 1514 2553 aliquid
1538 2494 1682 2549 affert,

334 2583 377 2615 ut
406 2573 603 2618 bellicam
629 2574 850 2628 virtutem,
866 2583 938 2617 aut
962 2590 1086 2617 usum
1111 2572 1298 2632 aliquem
1320 2572 1571 2630 militarem,
1589 2591 1682 2634 quae
