1843 3166
276 203 347 239 326
779 202 844 236 DE
873 201 1120 236 ORATORE.

274 279 549 328 responderem.
571 295 585 310 υ
614 279 669 314 Ita
695 277 760 326 qui
797 277 930 313 solium
966 277 1195 323 vendiderit,
1223 277 1284 324 jus
1311 290 1387 313 non
1424 278 1634 326 responde-

273 341 339 376 bit.
366 341 491 376 Tmm.

325 402 412 437 Cn.
432 402 527 437 LVI.
551 400 685 435 Contra
706 401 896 447 collegam.
918 399 1038 436 Crassi
1058 406 1187 434 contra
1207 398 1430 443 Domitium,
1449 398 1488 433 in
1514 399 1635 435 nobili

275 474 452 507 censura,
480 461 526 497 de
549 473 623 509 qua
654 460 756 508 apud
776 460 993 496 Ciceronem
1013 467 1049 495 et
1076 459 1166 495 alios
1192 471 1286 506 saepe
1311 466 1633 496 commemoratur.

273 523 370 558 Vide
396 523 565 565 Clavem,
590 522 629 557 in
647 522 837 566 Domitio;
864 521 950 558 vide
974 521 1013 556 in
1035 522 1170 566 Bruto,
1198 533 1299 556 xmv.

326 585 413 619 Cau».
442 580 557 618 LVII.
587 583 782 618 Collectam
804 595 829 617 a
856 582 1013 618 conviva.
1048 582 1248 617 Collectam
1276 579 1449 627 exprimit
1476 593 1635 628 graecum

274 653 392 695 ἔρανος,
412 643 538 690 itaque
555 656 633 678 non
644 656 738 690 opus
748 643 933 689 conjicere
943 643 1116 686 convivis,
1133 642 1239 690 quod
1257 642 1411 688 proprie
1427 643 1580 677 collecta
1590 643 1637 678 sit

273 719 294 741 a
311 704 491 752 pluribuS.
511 703 606 738 Nam
625 711 730 753 ἔρανος
743 716 763 738 a
782 703 935 750 singulis
954 704 1108 750 petitur.
1128 704 1222 738 ERN.
1236 723 1287 729 -—
1300 702 1498 737 Collectam
1517 704 1637 739 Graeci

274 768 431 815 συμςολὴν
453 763 642 811 appellant
669 763 709 798 id
722 790 732 808 ,
753 763 860 810 quod
887 763 1078 798 confertur
1099 763 1136 797 in
1156 775 1298 798 coenam
1317 774 1337 797 a
1356 763 1538 809 convivi53
1558 777 1636 812 quo

272 825 389 861 verbo
405 825 555 860 Plautus
574 823 702 868 utitur,
723 836 840 871 quum
859 823 986 858 scribit
1003 824 1132 870 jocans
1158 836 1165 858 :
1188 840 1201 855 «
1219 825 1356 858 Paratae
1375 831 1461 858 sunt
1479 825 1637 871 scapulis

272 886 362 921 meis
393 883 609 932 symbolae.»
640 884 701 919 Sic
728 883 942 919 collativum
970 884 1171 931 prandium
1200 883 1330 919 dicunt
1360 883 1502 929 Latini,
1532 885 1638 932 quod

273 945 391 981 Graeci
419 952 544 996 ἕρανον;
582 951 619 980 ct
654 944 868 980 collativum
894 952 1061 980 ventrem
1092 944 1250 992 eleganti
1281 945 1518 981 translatione
1543 945 1638 981 dixit

272 1008 434 1042 Plautus.
454 1008 599 1042 Vocant
612 1006 720 1041 etiam
737 1006 854 1042 Graeci
875 1013 979 1057 ἔρανον
1000 1014 1036 1042 et
1055 1010 1214 1057 συμςολὴν
1235 1006 1431 1053 pecuniam
1454 1019 1536 1054 qnae
1555 1007 1636 1042 exi-

273 1069 373 1116 gitur
400 1081 420 1103 a
446 1067 625 1103 convivis.
649 1068 812 1103 Proinde
843 1067 881 1103 in
909 1067 1072 1104 Terentii
1098 1069 1239 1112 Andr„
1267 1080 1301 1111 1,
1337 1080 1350 1102 1
1367 1096 1376 1112 ‚
1403 1068 1447 1103 61
1472 1081 1481 1103 :
1502 1085 1516 1100 «
1533 1069 1638 1113 Quid

273 1129 509 1176 Pamphilus?
533 1129 717 1174 Coenavst,
748 1130 953 1178 symbolam
972 1129 1099 1165 dedit?
1116 1146 1130 1160 »
1158 1129 1355 1177 legendum
1386 1142 1534 1175 censeo,
1560 1143 1638 1166 non

274 1197 315 1224 ut
334 1191 466 1238 vulgo,
491 1190 708 1237 symbolum.
734 1191 933 1226 Collectrix
961 1190 1070 1225 etiam
1095 1190 1197 1236 apud
1226 1190 1397 1225 Plautum
1428 1196 1501 1234 est,
1533 1203 1636 1238 quae,

271 1249 459 1298 religionis
478 1262 605 1295 causa,
625 1250 757 1298 stipem
777 1251 916 1300 colligit
937 1264 945 1286 :
967 1267 980 1282 «
1004 1250 1256 1295 Praecantrici‚
1277 1250 1494 1295 collectrici,
1513 1251 1636 1286 ariolae

272 1317 384 1357 atque
408 1311 620 1358 haruspicae.
643 1328 656 1342 υ
677 1313 850 1347 Tuam-213.

326 1371 378 1404 Et
400 1371 537 1405 docebo
566 1384 627 1405 sus
659 1370 671 1418 ζ
683 1379 722 1405 ut
748 1370 875 1421 aiunt)
901 1380 1084 1407 oratorem
1107 1385 1199 1407 eum.
1228 1372 1421 1408 Schutzius
1442 1371 1504 1407 dat
1529 1385 1538 1406 2
1559 1388 1574 1404 «
1590 1373 1636 1407 Et

272 1431 419 1466 docebo
439 1444 499 1466 sus
512 1459 521 1476 ‚
543 1438 585 1466 ut
606 1431 723 1476 aiunt,
751 1433 959 1468 Minervam
973 1462 982 1478 ,
1011 1441 1208 1469 oratorem.
1229 1449 1246 1466 n
1274 1436 1375 1478 Jam,
1396 1433 1538 1481 inquit,
1568 1433 1636 1469 etsi

272 1503 331 1526 me
357 1504 433 1526 non
459 1491 554 1539 fugit
575 1492 776 1538 proverbia
798 1493 988 1528 interdum
1007 1506 1085 1528 non
1103 1495 1212 1540 plane
1231 1494 1438 1538 enuntiari,
1457 1495 1529 1529 hoc
1550 1495 1635 1529 loco

273 1558 393 1585 tamen
424 1551 593 1597 ineptum
630 1558 722 1585 essct
759 1553 991 1598 supprimere
1021 1555 1243 1588 vocabulum
1287 1555 1514 1597 ᾹΙίηειναιη,
1548 1554 1635 1601 quia

270 1611 384 1646 verba
403 1610 453 1646 sic
481 1618 676 1656 sonarent,
697 1625 738 1647 ac
758 1612 788 1647 si
812 1612 1056 1658 proverbium
1076 1613 1204 1648 fuisset
1222 1626 1282 1648 sus
1308 1621 1505 1649 oratorem.
1528 1616 1633 1651 Conf.

270 1673 372 1715 Cxc.‚
398 1673 537 1715 Aemi„
561 1685 597 1717 1,
619 1671 654 1707 5.

322 1733 475 1767 Foenum
503 1733 599 1767 alios
628 1734 756 1768 aiebat
785 1746 864 1768 esse
899 1742 1076 1781 oportere.
1112 1733 1341 1782 Significavit
1378 1734 1468 1770 alios
1498 1735 1632 1781 videri,

271 1794 401 1828 Crasso
426 1801 678 1840 comparatos,
700 1794 861 1842 pecudes
881 1808 975 1840 esse,
994 1795 1156 1843 proinde
1183 1796 1284 1831 foeno
1309 1796 1524 1843 pascendos.
1545 1799 1634 1833 Gal-

269 1853 336 1888 lice
357 1854 511 1889 dicimus
530 1855 576 1889 de
594 1855 744 1890 homine
757 1856 893 1891 stolido
914 1870 922 1890 :
942 1857 1011 1892 Hic
1031 1863 1084 1891 est
1102 1855 1255 1904 dignus,
1276 1857 1341 1903 qui
1356 1857 1494 1892 foenum
1506 1870 1632 1893 come-

269 1914 344 1949 dat.
370 1915 473 1959 Esse,
496 1916 568 1950 hoc
588 1923 642 1951 est
660 1928 834 1953 comesse.

320 1977 407 2010 Cn.
432 1977 565 2013 LVIII.
592 1978 771 2012 Gustarls.
792 1980 930 2013 Gustus
959 1991 1076 2026 quum
1103 1979 1171 2013 alia
1191 1977 1391 2027 significat,
1412 1986 1490 2014 tum
1518 1979 1631 2015 inter-

268 2035 357 2070 dum
380 2036 419 2071 id
437 2037 541 2083 quod
559 2038 792 2083 venditores,
806 2040 977 2086 gustandi
997 2046 1032 2074 et
1051 2039 1272 2086 explorandi
1297 2052 1425 2084 causa,
1446 2040 1535 2075 dant
1553 2052 1631 2075 em-

267 2097 438 2142 ptoribus
459 2098 553 2142 vini;
575 2098 681 2146 quod
698 2111 718 2134 a
740 2099 875 2134 Graecis
895 2109 999 2150 γεῦμα
1020 2099 1175 2144 dicitur3
1195 2107 1236 2134 ut
1258 2112 1373 2147 quum
1394 2101 1487 2148 quid
1501 2108 1627 2136 osten—

267 2156 369 2191 ditur
402 2158 585 2204 specimen
618 2172 638 2194 a
661 2160 816 2203 Latinis,
847 2172 867 2194 a
900 2160 1036 2195 Graecis
1070 2164 1192 2211 δεῖγμα
1223 2169 1378 2197 vocatur
1404 2174 1424 2197 a
1456 2175 1532 2209 quo
1562 2176 1630 2210 per

266 2218 542 2255 translationem
561 2219 654 2254 dixit
671 2220 808 2254 Seneca
829 2234 837 2255 :
858 2221 999 2256 «Dedit
1019 2222 1117 2256 enim
1134 2222 1243 2257 nobis
1262 2230 1430 2270 gustum,
1449 2223 1497 2258 ad
1516 2235 1624 2270 quem

265 2279 515 2325 respondebit.
544 2295 562 2311 2>
594 2282 627 2314 A
656 2293 731 2327 qua
761 2281 868 2316 etiam
903 2282 1142 2318 translatione
1178 2283 1271 2317 illud
1311 2283 1498 2318 Ciceronis
1531 2296 1626 2331 pro-

265 2339 402 2373 fectum
436 2345 488 2374 est
521 2352 528 2374 :
560 2356 573 2371 a
591 2341 636 2374 Et
665 2341 874 2389 degustabit
910 2355 1026 2390 genus
1069 2343 1375 2378 exercitationum
1413 2356 1625 2379 mearum.»

265 2399 455 2447 Significat
489 2400 585 2435 enim
612 2402 800 2448 paradoxa
828 2411 976 2451 gustum
1008 2406 1121 2439 Bruto
1157 2404 1236 2440 fore
1276 2417 1402 2440 earum
1438 2405 1622 2440 exercita-

265 2459 408 2494 tionum
436 2460 572 2508 quibus
597 2462 650 2496 uti
677 2464 779 2498 solet.
804 2465 868 2499 Est
887 2471 922 2499 et
947 2472 1074 2512 gustus
1096 2465 1283 2500 interdum
1310 2465 1451 2513 primus
1474 2466 1624 2512 prandii

264 2520 402 2556 missus.
430 2521 624 2566 Martialis,
650 2535 706 2567 ΧῙ,
728 2523 796 2568 32,
818 2529 838 2566 4
861 2539 868 2559 ;
899 2544 912 2556 «
931 2528 1051 2561 Gustu
1070 2525 1244 2573 protinus
1263 2528 1329 2561 has
1358 2526 1442 2561 edes
1465 2526 1503 2561 in
1526 2527 1622 2573 ipso,

264 2580 327 2614 has
350 2581 467 2626 prima
500 2583 606 2627 feret,
632 2585 789 2620 alterave
820 2598 965 2621 coena.»
991 2586 1065 2622 Sed
1094 2594 1127 2622 et
1160 2595 1314 2635 gustare
1349 2588 1466 2622 multo
1501 2587 1621 2621 minus
