<?xml version="1.0" encoding="UTF-8"?>
<!DOCTYPE html PUBLIC "-//W3C//DTD XHTML 1.0 Transitional//EN"
    "http://www.w3.org/TR/xhtml1/DTD/xhtml1-transitional.dtd">
<html xmlns="http://www.w3.org/1999/xhtml" xml:lang="en" lang="en">
 <head>
  <title>
</title>
<meta http-equiv="Content-Type" content="text/html;charset=utf-8" />
  <meta name='ocr-system' content='tesseract 3.04.00' />
  <meta name='ocr-capabilities' content='ocr_page ocr_carea ocr_par ocr_line ocrx_word'/>
</head>
<body>
  <div class='ocr_page' id='page_1' title='image "./deoratorelibritr00ciceuoft_0242.png"; bbox 0 0 1843 3166; ppageno 0'>
   <div class='ocr_carea' id='block_1_1' title="bbox 307 152 1670 2538">
    <p class='ocr_par' dir='ltr' id='par_1_1' title="bbox 313 152 1152 187">
     <span class='ocr_line' id='line_1_1' title="bbox 313 152 1152 187; baseline 0.001 -1"><span class='ocrx_word' id='word_1_1' title='bbox 313 153 384 186; x_wconf 76' lang='lat'>230</span> <span class='ocrx_word' id='word_1_2' title='bbox 829 152 891 186; x_wconf 89' lang='lat' dir='ltr'>DE</span> <span class='ocrx_word' id='word_1_3' title='bbox 918 152 1152 187; x_wconf 84' lang='lat' dir='ltr'><strong>ORATORE</strong></span> 
     </span>
    </p>

    <p class='ocr_par' dir='ltr' id='par_1_2' title="bbox 309 235 1668 839">
     <span class='ocr_line' id='line_1_2' title="bbox 311 235 1665 297; baseline -0.001 -17"><span class='ocrx_word' id='word_1_4' title='bbox 311 236 668 292; x_wconf 78' lang='lat' dir='ltr'>Atheniensibus,</span> <span class='ocrx_word' id='word_1_5' title='bbox 710 236 825 296; x_wconf 88' lang='lat' dir='ltr'>quod</span> <span class='ocrx_word' id='word_1_6' title='bbox 862 238 1060 297; x_wconf 83' lang='lat' dir='ltr'>mysteria</span> <span class='ocrx_word' id='word_1_7' title='bbox 1101 252 1186 278; x_wconf 89' lang='lat' dir='ltr'>non</span> <span class='ocrx_word' id='word_1_8' title='bbox 1219 235 1453 290; x_wconf 80' lang='lat' dir='ltr'><strong>referrent,</strong></span> <span class='ocrx_word' id='word_1_9' title='bbox 1493 235 1546 278; x_wconf 90' lang='lat' dir='ltr'>ad</span> <span class='ocrx_word' id='word_1_10' title='bbox 1573 252 1665 294; x_wconf 82' lang='lat' dir='ltr'>quae</span> 
     </span>
     <span class='ocr_line' id='line_1_3' title="bbox 309 315 1665 375; baseline -0.001 -16"><span class='ocrx_word' id='word_1_11' title='bbox 309 316 443 359; x_wconf 87' lang='lat' dir='ltr'>biduo</span> <span class='ocrx_word' id='word_1_12' title='bbox 464 317 598 360; x_wconf 88' lang='lat' dir='ltr'>serius</span> <span class='ocrx_word' id='word_1_13' title='bbox 619 334 844 372; x_wconf 81' lang='lat' dir='ltr'>veneram,</span> <span class='ocrx_word' id='word_1_14' title='bbox 872 317 1222 361; x_wconf 85' lang='lat' dir='ltr'>succensuissem.</span> <span class='ocrx_word' id='word_1_15' title='bbox 1253 316 1399 372; x_wconf 81' lang='lat' dir='ltr'><strong>Quare</strong></span> <span class='ocrx_word' id='word_1_16' title='bbox 1421 315 1525 369; x_wconf 89' lang='lat' dir='ltr'>hoc,</span> <span class='ocrx_word' id='word_1_17' title='bbox 1550 315 1665 375; x_wconf 89' lang='lat' dir='ltr'>quod</span> 
     </span>
     <span class='ocr_line' id='line_1_4' title="bbox 310 394 1666 456; baseline 0.001 -18"><span class='ocrx_word' id='word_1_18' title='bbox 310 395 572 456; x_wconf 85' lang='lat' dir='ltr'>complector</span> <span class='ocrx_word' id='word_1_19' title='bbox 588 406 749 440; x_wconf 83' lang='lat' dir='ltr'>tantam</span> <span class='ocrx_word' id='word_1_20' title='bbox 767 397 990 440; x_wconf 88' lang='lat' dir='ltr'>scientiam</span> <span class='ocrx_word' id='word_1_21' title='bbox 1004 398 1175 456; x_wconf 87' lang='lat' dir='ltr'>vimque</span> <span class='ocrx_word' id='word_1_22' title='bbox 1189 395 1412 450; x_wconf 88' lang='lat' dir='ltr'>doctrinae,</span> <span class='ocrx_word' id='word_1_23' title='bbox 1431 411 1516 438; x_wconf 91' lang='lat' dir='ltr'>non</span> <span class='ocrx_word' id='word_1_24' title='bbox 1537 394 1666 439; x_wconf 90' lang='lat' dir='ltr'>modo</span> 
     </span>
     <span class='ocr_line' id='line_1_5' title="bbox 311 474 1666 537; baseline -0.002 -18"><span class='ocrx_word' id='word_1_25' title='bbox 311 493 398 519; x_wconf 91' lang='lat' dir='ltr'>non</span> <span class='ocrx_word' id='word_1_26' title='bbox 421 493 500 537; x_wconf 90' lang='lat' dir='ltr'>pro</span> <span class='ocrx_word' id='word_1_27' title='bbox 523 494 614 529; x_wconf 85' lang='lat' dir='ltr'>me,</span> <span class='ocrx_word' id='word_1_28' title='bbox 641 476 714 521; x_wconf 87' lang='lat' dir='ltr'>sed</span> <span class='ocrx_word' id='word_1_29' title='bbox 738 487 886 520; x_wconf 88' lang='lat' dir='ltr'>contra</span> <span class='ocrx_word' id='word_1_30' title='bbox 910 494 978 520; x_wconf 90' lang='lat' dir='ltr'>me</span> <span class='ocrx_word' id='word_1_31' title='bbox 1007 487 1070 520; x_wconf 88' lang='lat' dir='ltr'>est</span> <span class='ocrx_word' id='word_1_32' title='bbox 1096 478 1239 536; x_wconf 90' lang='lat' dir='ltr'>potius</span> <span class='ocrx_word' id='word_1_33' title='bbox 1269 476 1375 537; x_wconf 76' lang='lat' dir='ltr'>(non</span> <span class='ocrx_word' id='word_1_34' title='bbox 1398 475 1533 529; x_wconf 89' lang='lat' dir='ltr'>enim,</span> <span class='ocrx_word' id='word_1_35' title='bbox 1561 474 1666 534; x_wconf 89' lang='lat' dir='ltr'>quid</span> 
     </span>
     <span class='ocr_line' id='line_1_6' title="bbox 311 555 1666 617; baseline -0.002 -17"><span class='ocrx_word' id='word_1_36' title='bbox 311 573 415 617; x_wconf 85' lang='lat' dir='ltr'>ego,</span> <span class='ocrx_word' id='word_1_37' title='bbox 443 557 514 600; x_wconf 86' lang='lat' dir='ltr'>sed</span> <span class='ocrx_word' id='word_1_38' title='bbox 539 557 643 616; x_wconf 90' lang='lat' dir='ltr'>quid</span> <span class='ocrx_word' id='word_1_39' title='bbox 664 567 812 601; x_wconf 90' lang='lat' dir='ltr'>orator</span> <span class='ocrx_word' id='word_1_40' title='bbox 834 559 992 617; x_wconf 80' lang='lat' dir='ltr'>possit,</span> <span class='ocrx_word' id='word_1_41' title='bbox 1018 555 1228 616; x_wconf 74' lang='lat' dir='ltr'>disputo),</span> <span class='ocrx_word' id='word_1_42' title='bbox 1253 565 1381 615; x_wconf 86' lang='lat' dir='ltr'>atquc</span> <span class='ocrx_word' id='word_1_43' title='bbox 1402 555 1478 598; x_wconf 86' lang='lat' dir='ltr'>hos</span> <span class='ocrx_word' id='word_1_44' title='bbox 1499 571 1666 611; x_wconf 82' lang='lat' dir='ltr'>omnes,</span> 
     </span>
     <span class='ocr_line' id='line_1_7' title="bbox 311 635 1668 697; baseline 0 -19"><span class='ocrx_word' id='word_1_45' title='bbox 311 637 385 696; x_wconf 90' lang='lat' dir='ltr'>qui</span> <span class='ocrx_word' id='word_1_46' title='bbox 421 646 532 679; x_wconf 86' lang='lat' dir='ltr'>artes</span> <span class='ocrx_word' id='word_1_47' title='bbox 566 637 801 680; x_wconf 88' lang='lat' dir='ltr'>rhetoricas</span> <span class='ocrx_word' id='word_1_48' title='bbox 834 647 1080 697; x_wconf 82' lang='lat' dir='ltr'>exponunt,</span> <span class='ocrx_word' id='word_1_49' title='bbox 1122 635 1418 696; x_wconf 85' lang='lat' dir='ltr'>perridiculos.</span> <span class='ocrx_word' id='word_1_50' title='bbox 1461 635 1668 679; x_wconf 78' lang='lat' dir='ltr'>Sci-ibunt</span> 
     </span>
     <span class='ocr_line' id='line_1_8' title="bbox 312 714 1666 776; baseline 0 -18"><span class='ocrx_word' id='word_1_51' title='bbox 312 717 427 758; x_wconf 84' lang='lat' dir='ltr'>enim</span> <span class='ocrx_word' id='word_1_52' title='bbox 453 715 505 758; x_wconf 90' lang='lat' dir='ltr'>de</span> <span class='ocrx_word' id='word_1_53' title='bbox 529 714 668 758; x_wconf 80' lang='lat' dir='ltr'>litium</span> <span class='ocrx_word' id='word_1_54' title='bbox 693 733 869 776; x_wconf 85' lang='lat' dir='ltr'><strong>genere,</strong></span> <span class='ocrx_word' id='word_1_55' title='bbox 895 726 937 759; x_wconf 89' lang='lat' dir='ltr'>et</span> <span class='ocrx_word' id='word_1_56' title='bbox 961 715 1012 758; x_wconf 90' lang='lat' dir='ltr'>de</span> <span class='ocrx_word' id='word_1_57' title='bbox 1035 716 1282 775; x_wconf 85' lang='lat' dir='ltr'>principiis,</span> <span class='ocrx_word' id='word_1_58' title='bbox 1312 724 1354 758; x_wconf 92' lang='lat' dir='ltr'>et</span> <span class='ocrx_word' id='word_1_59' title='bbox 1382 715 1434 759; x_wconf 86' lang='lat' dir='ltr'>de</span> <span class='ocrx_word' id='word_1_60' title='bbox 1457 716 1666 759; x_wconf 85' lang='lat' dir='ltr'>narratio-</span> 
     </span>
     <span class='ocr_line' id='line_1_9' title="bbox 315 795 454 839; baseline 0 -1"><span class='ocrx_word' id='word_1_61' title='bbox 315 795 454 839; x_wconf 89' lang='lat' dir='ltr'>nibus.</span> 
     </span>
    </p>

    <p class='ocr_par' dir='ltr' id='par_1_3' title="bbox 308 874 1670 1337">
     <span class='ocr_line' id='line_1_10' title="bbox 372 874 1665 937; baseline 0.002 -19"><span class='ocrx_word' id='word_1_62' title='bbox 372 874 450 919; x_wconf 87' lang='lat' dir='ltr'>Illa</span> <span class='ocrx_word' id='word_1_63' title='bbox 472 877 534 919; x_wconf 88' lang='lat' dir='ltr'>vis</span> <span class='ocrx_word' id='word_1_64' title='bbox 557 887 700 920; x_wconf 87' lang='lat' dir='ltr'>autem</span> <span class='ocrx_word' id='word_1_65' title='bbox 725 876 979 937; x_wconf 71' lang='lat' dir='ltr'>eloquentiae</span> <span class='ocrx_word' id='word_1_66' title='bbox 1007 885 1127 919; x_wconf 89' lang='lat' dir='ltr'>tanta</span> <span class='ocrx_word' id='word_1_67' title='bbox 1157 885 1244 931; x_wconf 87' lang='lat' dir='ltr'>est,</span> <span class='ocrx_word' id='word_1_68' title='bbox 1285 885 1334 918; x_wconf 90' lang='lat' dir='ltr'>ut</span> <span class='ocrx_word' id='word_1_69' title='bbox 1369 877 1565 918; x_wconf 89' lang='lat' dir='ltr'>omnium</span> <span class='ocrx_word' id='word_1_70' title='bbox 1597 893 1665 920; x_wconf 88' lang='lat' dir='ltr'>re-</span> 
     </span>
     <span class='ocr_line' id='line_1_11' title="bbox 311 956 1668 1016; baseline 0 -18"><span class='ocrx_word' id='word_1_71' title='bbox 311 972 427 1012; x_wconf 86' lang='lat' dir='ltr'>rum,</span> <span class='ocrx_word' id='word_1_72' title='bbox 443 957 652 1000; x_wconf 80' lang='lat' dir='ltr'>virtutum</span> <span class='ocrx_word' id='word_1_73' title='bbox 665 991 676 1013; x_wconf 92' lang='lat'>,</span> <span class='ocrx_word' id='word_1_74' title='bbox 695 956 957 1012; x_wconf 84' lang='lat' dir='ltr'>officiorum,</span> <span class='ocrx_word' id='word_1_75' title='bbox 975 956 1203 1016; x_wconf 88' lang='lat' dir='ltr'>omnisque</span> <span class='ocrx_word' id='word_1_76' title='bbox 1220 964 1404 1010; x_wconf 78' lang='lat' dir='ltr'>naturae,</span> <span class='ocrx_word' id='word_1_77' title='bbox 1420 972 1515 1015; x_wconf 80' lang='lat' dir='ltr'>quae</span> <span class='ocrx_word' id='word_1_78' title='bbox 1530 972 1668 999; x_wconf 84' lang='lat' dir='ltr'>mores</span> 
     </span>
     <span class='ocr_line' id='line_1_12' title="bbox 311 1035 1668 1096; baseline 0.001 -19"><span class='ocrx_word' id='word_1_79' title='bbox 311 1035 556 1093; x_wconf 86' lang='lat' dir='ltr'>hominum,</span> <span class='ocrx_word' id='word_1_80' title='bbox 589 1053 680 1096; x_wconf 84' lang='lat' dir='ltr'>quae</span> <span class='ocrx_word' id='word_1_81' title='bbox 705 1037 891 1093; x_wconf 86' lang='lat' dir='ltr'>animos,</span> <span class='ocrx_word' id='word_1_82' title='bbox 918 1052 1011 1096; x_wconf 82' lang='lat' dir='ltr'>quae</span> <span class='ocrx_word' id='word_1_83' title='bbox 1034 1037 1168 1079; x_wconf 84' lang='lat' dir='ltr'>vitam</span> <span class='ocrx_word' id='word_1_84' title='bbox 1193 1036 1408 1092; x_wconf 87' lang='lat' dir='ltr'>continet,</span> <span class='ocrx_word' id='word_1_85' title='bbox 1435 1036 1668 1096; x_wconf 81' lang='lat' dir='ltr'>originem,</span> 
     </span>
     <span class='ocr_line' id='line_1_13' title="bbox 309 1115 1670 1176; baseline 0.002 -20"><span class='ocrx_word' id='word_1_86' title='bbox 309 1115 394 1157; x_wconf 79' lang='lat' dir='ltr'>vim</span> <span class='ocrx_word' id='word_1_87' title='bbox 411 1149 422 1171; x_wconf 93' lang='lat'>,</span> <span class='ocrx_word' id='word_1_88' title='bbox 449 1117 798 1176; x_wconf 82' lang='lat' dir='ltr'>mutationesque</span> <span class='ocrx_word' id='word_1_89' title='bbox 824 1126 994 1172; x_wconf 89' lang='lat' dir='ltr'>teneat;</span> <span class='ocrx_word' id='word_1_90' title='bbox 1037 1115 1185 1159; x_wconf 91' lang='lat' dir='ltr'>eadem</span> <span class='ocrx_word' id='word_1_91' title='bbox 1216 1132 1376 1171; x_wconf 89' lang='lat' dir='ltr'>mores,</span> <span class='ocrx_word' id='word_1_92' title='bbox 1416 1115 1548 1176; x_wconf 83' lang='lat' dir='ltr'>leges,</span> <span class='ocrx_word' id='word_1_93' title='bbox 1570 1116 1670 1175; x_wconf 83' lang='lat' dir='ltr'>jura</span> 
     </span>
     <span class='ocr_line' id='line_1_14' title="bbox 309 1195 1670 1258; baseline 0.001 -20"><span class='ocrx_word' id='word_1_94' title='bbox 309 1195 544 1253; x_wconf 83' lang='lat' dir='ltr'>describat,</span> <span class='ocrx_word' id='word_1_95' title='bbox 574 1197 887 1258; x_wconf 86' lang='lat' dir='ltr'>rempublicam</span> <span class='ocrx_word' id='word_1_96' title='bbox 910 1206 1051 1258; x_wconf 84' lang='lat' dir='ltr'>regat,</span> <span class='ocrx_word' id='word_1_97' title='bbox 1075 1198 1324 1257; x_wconf 83' lang='lat' dir='ltr'>omniaque,</span> <span class='ocrx_word' id='word_1_98' title='bbox 1352 1197 1405 1240; x_wconf 92' lang='lat' dir='ltr'>ad</span> <span class='ocrx_word' id='word_1_99' title='bbox 1425 1213 1670 1257; x_wconf 90' lang='lat' dir='ltr'>quamcum-</span> 
     </span>
     <span class='ocr_line' id='line_1_15' title="bbox 308 1276 1409 1337; baseline 0.001 -18"><span class='ocrx_word' id='word_1_100' title='bbox 308 1292 391 1334; x_wconf 90' lang='lat' dir='ltr'>que</span> <span class='ocrx_word' id='word_1_101' title='bbox 416 1293 505 1320; x_wconf 90' lang='lat' dir='ltr'>rem</span> <span class='ocrx_word' id='word_1_102' title='bbox 528 1278 795 1337; x_wconf 86' lang='lat' dir='ltr'>pertineant,</span> <span class='ocrx_word' id='word_1_103' title='bbox 823 1286 974 1321; x_wconf 83' lang='lat' dir='ltr'>ornate</span> <span class='ocrx_word' id='word_1_104' title='bbox 998 1277 1257 1337; x_wconf 88' lang='lat' dir='ltr'>copioseque</span> <span class='ocrx_word' id='word_1_105' title='bbox 1282 1276 1409 1320; x_wconf 88' lang='lat' dir='ltr'>dicat.</span> 
     </span>
    </p>

    <p class='ocr_par' dir='ltr' id='par_1_4' title="bbox 308 1357 1670 1734">
     <span class='ocr_line' id='line_1_16' title="bbox 372 1357 1669 1418; baseline 0.002 -20"><span class='ocrx_word' id='word_1_106' title='bbox 372 1359 421 1399; x_wconf 91' lang='lat' dir='ltr'>In</span> <span class='ocrx_word' id='word_1_107' title='bbox 446 1373 532 1416; x_wconf 89' lang='lat' dir='ltr'>quo</span> <span class='ocrx_word' id='word_1_108' title='bbox 556 1374 712 1418; x_wconf 83' lang='lat' dir='ltr'>genere</span> <span class='ocrx_word' id='word_1_109' title='bbox 735 1374 814 1401; x_wconf 89' lang='lat' dir='ltr'>nos</span> <span class='ocrx_word' id='word_1_110' title='bbox 847 1357 1024 1416; x_wconf 90' lang='lat' dir='ltr'>quidem</span> <span class='ocrx_word' id='word_1_111' title='bbox 1046 1374 1271 1400; x_wconf 87' lang='lat' dir='ltr'>versamur</span> <span class='ocrx_word' id='word_1_112' title='bbox 1302 1366 1492 1413; x_wconf 85' lang='lat' dir='ltr'>tantum,</span> <span class='ocrx_word' id='word_1_113' title='bbox 1530 1374 1669 1417; x_wconf 91' lang='lat' dir='ltr'>quan-</span> 
     </span>
     <span class='ocr_line' id='line_1_17' title="bbox 310 1437 1670 1498; baseline 0.001 -19"><span class='ocrx_word' id='word_1_114' title='bbox 310 1447 401 1480; x_wconf 88' lang='lat' dir='ltr'>tum</span> <span class='ocrx_word' id='word_1_115' title='bbox 435 1455 687 1497; x_wconf 90' lang='lat' dir='ltr'>possumus,</span> <span class='ocrx_word' id='word_1_116' title='bbox 729 1447 942 1498; x_wconf 87' lang='lat' dir='ltr'>quantum</span> <span class='ocrx_word' id='word_1_117' title='bbox 983 1438 1175 1498; x_wconf 85' lang='lat' dir='ltr'>ingenio,</span> <span class='ocrx_word' id='word_1_118' title='bbox 1213 1447 1424 1496; x_wconf 85' lang='lat' dir='ltr'>quantum</span> <span class='ocrx_word' id='word_1_119' title='bbox 1463 1437 1670 1481; x_wconf 85' lang='lat' dir='ltr'>mediocri</span> 
     </span>
     <span class='ocr_line' id='line_1_18' title="bbox 309 1516 1669 1577; baseline 0.002 -19"><span class='ocrx_word' id='word_1_120' title='bbox 309 1516 525 1573; x_wconf 85' lang='lat' dir='ltr'>doctrina,</span> <span class='ocrx_word' id='word_1_121' title='bbox 553 1527 766 1576; x_wconf 87' lang='lat' dir='ltr'>quantum</span> <span class='ocrx_word' id='word_1_122' title='bbox 787 1534 866 1560; x_wconf 91' lang='lat' dir='ltr'>usu</span> <span class='ocrx_word' id='word_1_123' title='bbox 888 1517 1078 1560; x_wconf 86' lang='lat' dir='ltr'>valemus</span> <span class='ocrx_word' id='word_1_124' title='bbox 1099 1534 1107 1559; x_wconf 91' lang='lat'><strong>:</strong></span> <span class='ocrx_word' id='word_1_125' title='bbox 1136 1533 1276 1576; x_wconf 85' lang='lat' dir='ltr'>neque</span> <span class='ocrx_word' id='word_1_126' title='bbox 1300 1526 1441 1560; x_wconf 88' lang='lat' dir='ltr'>tamen</span> <span class='ocrx_word' id='word_1_127' title='bbox 1464 1518 1574 1574; x_wconf 89' lang='lat' dir='ltr'>istis,</span> <span class='ocrx_word' id='word_1_128' title='bbox 1596 1519 1669 1577; x_wconf 86' lang='lat' dir='ltr'>qui</span> 
     </span>
     <span class='ocr_line' id='line_1_19' title="bbox 309 1594 1670 1657; baseline 0 -17"><span class='ocrx_word' id='word_1_129' title='bbox 309 1599 352 1640; x_wconf 91' lang='lat' dir='ltr'>in</span> <span class='ocrx_word' id='word_1_130' title='bbox 378 1613 463 1639; x_wconf 90' lang='lat' dir='ltr'>una</span> <span class='ocrx_word' id='word_1_131' title='bbox 491 1595 765 1657; x_wconf 84' lang='lat' dir='ltr'>philosophia</span> <span class='ocrx_word' id='word_1_132' title='bbox 793 1595 915 1654; x_wconf 81' lang='lat' dir='ltr'>quasi</span> <span class='ocrx_word' id='word_1_133' title='bbox 944 1594 1272 1638; x_wconf 87' lang='lat' dir='ltr'>tabernaculum</span> <span class='ocrx_word' id='word_1_134' title='bbox 1299 1597 1396 1639; x_wconf 83' lang='lat' dir='ltr'>vitae</span> <span class='ocrx_word' id='word_1_135' title='bbox 1424 1613 1509 1640; x_wconf 88' lang='lat' dir='ltr'>suae</span> <span class='ocrx_word' id='word_1_136' title='bbox 1537 1596 1670 1640; x_wconf 91' lang='lat' dir='ltr'>collo·</span> 
     </span>
     <span class='ocr_line' id='line_1_20' title="bbox 308 1674 1521 1734; baseline -0.002 -14"><span class='ocrx_word' id='word_1_137' title='bbox 308 1687 483 1731; x_wconf 90' lang='lat' dir='ltr'>carunt,</span> <span class='ocrx_word' id='word_1_138' title='bbox 513 1675 698 1719; x_wconf 87' lang='lat' dir='ltr'>multum</span> <span class='ocrx_word' id='word_1_139' title='bbox 722 1691 821 1719; x_wconf 90' lang='lat' dir='ltr'>sane</span> <span class='ocrx_word' id='word_1_140' title='bbox 845 1675 888 1717; x_wconf 91' lang='lat' dir='ltr'>in</span> <span class='ocrx_word' id='word_1_141' title='bbox 914 1674 1206 1734; x_wconf 89' lang='lat' dir='ltr'>disputatione</span> <span class='ocrx_word' id='word_1_142' title='bbox 1230 1674 1521 1718; x_wconf 84' lang='lat' dir='ltr'>concedimus.</span> 
     </span>
    </p>

    <p class='ocr_par' dir='ltr' id='par_1_5' title="bbox 307 1753 1668 2538">
     <span class='ocr_line' id='line_1_21' title="bbox 369 1753 1668 1812; baseline 0 -12"><span class='ocrx_word' id='word_1_143' title='bbox 369 1759 491 1800; x_wconf 90' lang='lat' dir='ltr'>XXI.</span> <span class='ocrx_word' id='word_1_144' title='bbox 527 1756 647 1812; x_wconf 84' lang='lat' dir='ltr'>Quid</span> <span class='ocrx_word' id='word_1_145' title='bbox 675 1756 790 1798; x_wconf 85' lang='lat' dir='ltr'>enim</span> <span class='ocrx_word' id='word_1_146' title='bbox 816 1771 936 1798; x_wconf 89' lang='lat' dir='ltr'>meus</span> <span class='ocrx_word' id='word_1_147' title='bbox 966 1753 1188 1798; x_wconf 87' lang='lat' dir='ltr'>familiaris</span> <span class='ocrx_word' id='word_1_148' title='bbox 1217 1756 1266 1798; x_wconf 92' lang='lat' dir='ltr'>C.</span> <span class='ocrx_word' id='word_1_149' title='bbox 1291 1754 1481 1799; x_wconf 88' lang='lat' dir='ltr'>Velleius</span> <span class='ocrx_word' id='word_1_150' title='bbox 1515 1756 1668 1800; x_wconf 86' lang='lat' dir='ltr'>afferre</span> 
     </span>
     <span class='ocr_line' id='line_1_22' title="bbox 307 1834 1666 1898; baseline 0 -18"><span class='ocrx_word' id='word_1_151' title='bbox 307 1847 471 1898; x_wconf 89' lang='lat' dir='ltr'>potest,</span> <span class='ocrx_word' id='word_1_152' title='bbox 496 1837 779 1897; x_wconf 84' lang='lat' dir='ltr'>quamobrem</span> <span class='ocrx_word' id='word_1_153' title='bbox 799 1834 996 1895; x_wconf 84' lang='lat' dir='ltr'>voluptas</span> <span class='ocrx_word' id='word_1_154' title='bbox 1023 1835 1078 1878; x_wconf 86' lang='lat' dir='ltr'>sit</span> <span class='ocrx_word' id='word_1_155' title='bbox 1100 1851 1317 1878; x_wconf 85' lang='lat' dir='ltr'>summum</span> <span class='ocrx_word' id='word_1_156' title='bbox 1342 1836 1528 1894; x_wconf 88' lang='lat' dir='ltr'>bonum,</span> <span class='ocrx_word' id='word_1_157' title='bbox 1549 1838 1666 1897; x_wconf 91' lang='lat' dir='ltr'>quod</span> 
     </span>
     <span class='ocr_line' id='line_1_23' title="bbox 307 1914 1667 1978; baseline -0.001 -17"><span class='ocrx_word' id='word_1_158' title='bbox 307 1934 388 1978; x_wconf 86' lang='lat' dir='ltr'>ego</span> <span class='ocrx_word' id='word_1_159' title='bbox 425 1934 513 1961; x_wconf 92' lang='lat' dir='ltr'>non</span> <span class='ocrx_word' id='word_1_160' title='bbox 554 1917 769 1977; x_wconf 87' lang='lat' dir='ltr'>copiosius</span> <span class='ocrx_word' id='word_1_161' title='bbox 815 1916 974 1976; x_wconf 89' lang='lat' dir='ltr'>possim</span> <span class='ocrx_word' id='word_1_162' title='bbox 1015 1914 1080 1958; x_wconf 91' lang='lat' dir='ltr'>vel</span> <span class='ocrx_word' id='word_1_163' title='bbox 1121 1915 1279 1972; x_wconf 83' lang='lat' dir='ltr'>tutari,</span> <span class='ocrx_word' id='word_1_164' title='bbox 1320 1916 1354 1959; x_wconf 88' lang='lat' dir='ltr'>si</span> <span class='ocrx_word' id='word_1_165' title='bbox 1398 1915 1526 1959; x_wconf 82' lang='lat' dir='ltr'>velim</span> <span class='ocrx_word' id='word_1_166' title='bbox 1542 1951 1553 1971; x_wconf 94' lang='lat'>,</span> <span class='ocrx_word' id='word_1_167' title='bbox 1602 1917 1667 1960; x_wconf 92' lang='lat' dir='ltr'>vel</span> 
     </span>
     <span class='ocr_line' id='line_1_24' title="bbox 308 1995 1666 2056; baseline -0.001 -15"><span class='ocrx_word' id='word_1_168' title='bbox 308 1996 502 2041; x_wconf 82' lang='lat' dir='ltr'>refellere</span> <span class='ocrx_word' id='word_1_169' title='bbox 525 2014 575 2040; x_wconf 82' lang='lat' dir='ltr'>ex</span> <span class='ocrx_word' id='word_1_170' title='bbox 598 1996 681 2040; x_wconf 89' lang='lat' dir='ltr'>illis</span> <span class='ocrx_word' id='word_1_171' title='bbox 706 1995 833 2052; x_wconf 85' lang='lat' dir='ltr'>loeis,</span> <span class='ocrx_word' id='word_1_172' title='bbox 870 2012 979 2055; x_wconf 89' lang='lat' dir='ltr'>quos</span> <span class='ocrx_word' id='word_1_173' title='bbox 1011 1997 1210 2056; x_wconf 85' lang='lat' dir='ltr'>exposuit</span> <span class='ocrx_word' id='word_1_174' title='bbox 1230 1996 1469 2049; x_wconf 87' lang='lat' dir='ltr'>Antonius,</span> <span class='ocrx_word' id='word_1_175' title='bbox 1495 1997 1577 2041; x_wconf 85' lang='lat' dir='ltr'>hac</span> <span class='ocrx_word' id='word_1_176' title='bbox 1602 1997 1666 2040; x_wconf 87' lang='lat' dir='ltr'>di-</span> 
     </span>
     <span class='ocr_line' id='line_1_25' title="bbox 308 2075 1666 2137; baseline 0 -16"><span class='ocrx_word' id='word_1_177' title='bbox 308 2077 433 2121; x_wconf 88' lang='lat' dir='ltr'>cendi</span> <span class='ocrx_word' id='word_1_178' title='bbox 455 2077 782 2132; x_wconf 80' lang='lat' dir='ltr'>exercitatione,</span> <span class='ocrx_word' id='word_1_179' title='bbox 808 2077 852 2118; x_wconf 90' lang='lat' dir='ltr'>in</span> <span class='ocrx_word' id='word_1_180' title='bbox 870 2092 955 2136; x_wconf 88' lang='lat' dir='ltr'>qua</span> <span class='ocrx_word' id='word_1_181' title='bbox 975 2075 1166 2120; x_wconf 88' lang='lat' dir='ltr'>Velleius</span> <span class='ocrx_word' id='word_1_182' title='bbox 1188 2086 1252 2120; x_wconf 91' lang='lat' dir='ltr'>est</span> <span class='ocrx_word' id='word_1_183' title='bbox 1269 2076 1409 2131; x_wconf 88' lang='lat' dir='ltr'>rudis,</span> <span class='ocrx_word' id='word_1_184' title='bbox 1436 2079 1666 2137; x_wconf 90' lang='lat' dir='ltr'>unusquis-</span> 
     </span>
     <span class='ocr_line' id='line_1_26' title="bbox 308 2156 1664 2217; baseline 0.002 -18"><span class='ocrx_word' id='word_1_185' title='bbox 308 2174 392 2217; x_wconf 90' lang='lat' dir='ltr'>que</span> <span class='ocrx_word' id='word_1_186' title='bbox 419 2166 616 2200; x_wconf 87' lang='lat' dir='ltr'>nostrum</span> <span class='ocrx_word' id='word_1_187' title='bbox 642 2156 866 2200; x_wconf 80' lang='lat' dir='ltr'>versatus?</span> <span class='ocrx_word' id='word_1_188' title='bbox 901 2157 1023 2214; x_wconf 85' lang='lat' dir='ltr'>Quid</span> <span class='ocrx_word' id='word_1_189' title='bbox 1045 2167 1135 2214; x_wconf 89' lang='lat' dir='ltr'>est,</span> <span class='ocrx_word' id='word_1_190' title='bbox 1163 2157 1280 2217; x_wconf 90' lang='lat' dir='ltr'>quod</span> <span class='ocrx_word' id='word_1_191' title='bbox 1305 2167 1378 2201; x_wconf 86' lang='lat' dir='ltr'>aut</span> <span class='ocrx_word' id='word_1_192' title='bbox 1402 2160 1497 2202; x_wconf 70' lang='lat' dir='ltr'>Sex·</span> <span class='ocrx_word' id='word_1_193' title='bbox 1535 2161 1664 2202; x_wconf 82' lang='lat' dir='ltr'>Poin-</span> 
     </span>
     <span class='ocr_line' id='line_1_27' title="bbox 307 2235 1666 2298; baseline 0.002 -19"><span class='ocrx_word' id='word_1_194' title='bbox 307 2237 449 2297; x_wconf 85' lang='lat' dir='ltr'>peius,</span> <span class='ocrx_word' id='word_1_195' title='bbox 487 2246 562 2279; x_wconf 84' lang='lat' dir='ltr'>aut</span> <span class='ocrx_word' id='word_1_196' title='bbox 585 2236 673 2280; x_wconf 92' lang='lat' dir='ltr'>duo</span> <span class='ocrx_word' id='word_1_197' title='bbox 697 2235 846 2294; x_wconf 87' lang='lat' dir='ltr'>Balbi,</span> <span class='ocrx_word' id='word_1_198' title='bbox 884 2247 958 2281; x_wconf 88' lang='lat' dir='ltr'>aut</span> <span class='ocrx_word' id='word_1_199' title='bbox 981 2254 1100 2281; x_wconf 91' lang='lat' dir='ltr'>meus</span> <span class='ocrx_word' id='word_1_200' title='bbox 1129 2238 1312 2291; x_wconf 83' lang='lat' dir='ltr'>amicus,</span> <span class='ocrx_word' id='word_1_201' title='bbox 1354 2239 1427 2298; x_wconf 89' lang='lat' dir='ltr'>qui</span> <span class='ocrx_word' id='word_1_202' title='bbox 1464 2255 1562 2282; x_wconf 90' lang='lat' dir='ltr'>cum</span> <span class='ocrx_word' id='word_1_203' title='bbox 1586 2241 1666 2282; x_wconf 92' lang='lat' dir='ltr'>Pa-</span> 
     </span>
     <span class='ocr_line' id='line_1_28' title="bbox 308 2317 1663 2378; baseline 0.002 -19"><span class='ocrx_word' id='word_1_204' title='bbox 308 2318 435 2360; x_wconf 89' lang='lat' dir='ltr'>naetio</span> <span class='ocrx_word' id='word_1_205' title='bbox 468 2317 594 2373; x_wconf 86' lang='lat' dir='ltr'>vixit,</span> <span class='ocrx_word' id='word_1_206' title='bbox 637 2319 697 2360; x_wconf 90' lang='lat' dir='ltr'>M.</span> <span class='ocrx_word' id='word_1_207' title='bbox 728 2317 959 2378; x_wconf 88' lang='lat' dir='ltr'>Vigellius,</span> <span class='ocrx_word' id='word_1_208' title='bbox 1002 2318 1054 2361; x_wconf 90' lang='lat' dir='ltr'>de</span> <span class='ocrx_word' id='word_1_209' title='bbox 1088 2319 1246 2362; x_wconf 90' lang='lat' dir='ltr'>virtute</span> <span class='ocrx_word' id='word_1_210' title='bbox 1280 2319 1506 2362; x_wconf 87' lang='lat' dir='ltr'>hominum</span> <span class='ocrx_word' id='word_1_211' title='bbox 1540 2319 1663 2363; x_wconf 86' lang='lat' dir='ltr'>stoici</span> 
     </span>
     <span class='ocr_line' id='line_1_29' title="bbox 308 2397 1664 2461; baseline 0.003 -21"><span class='ocrx_word' id='word_1_212' title='bbox 308 2398 473 2458; x_wconf 88' lang='lat' dir='ltr'>possint</span> <span class='ocrx_word' id='word_1_213' title='bbox 495 2397 654 2453; x_wconf 84' lang='lat' dir='ltr'>dicere,</span> <span class='ocrx_word' id='word_1_214' title='bbox 680 2415 764 2458; x_wconf 92' lang='lat' dir='ltr'>qua</span> <span class='ocrx_word' id='word_1_215' title='bbox 788 2400 831 2442; x_wconf 89' lang='lat' dir='ltr'>in</span> <span class='ocrx_word' id='word_1_216' title='bbox 856 2399 1148 2460; x_wconf 83' lang='lat' dir='ltr'>disputatione</span> <span class='ocrx_word' id='word_1_217' title='bbox 1170 2416 1250 2461; x_wconf 83' lang='lat' dir='ltr'>ego</span> <span class='ocrx_word' id='word_1_218' title='bbox 1273 2400 1338 2444; x_wconf 89' lang='lat' dir='ltr'>his</span> <span class='ocrx_word' id='word_1_219' title='bbox 1363 2399 1567 2454; x_wconf 86' lang='lat' dir='ltr'>debeam,</span> <span class='ocrx_word' id='word_1_220' title='bbox 1589 2411 1664 2444; x_wconf 89' lang='lat' dir='ltr'>aut</span> 
     </span>
     <span class='ocr_line' id='line_1_30' title="bbox 310 2479 1035 2538; baseline 0.003 -16"><span class='ocrx_word' id='word_1_221' title='bbox 310 2488 497 2522; x_wconf 88' lang='lat' dir='ltr'>vestrum</span> <span class='ocrx_word' id='word_1_222' title='bbox 521 2479 748 2538; x_wconf 87' lang='lat' dir='ltr'>quisquam</span> <span class='ocrx_word' id='word_1_223' title='bbox 770 2480 1035 2524; x_wconf 75' lang='lat' dir='ltr'>concedere?</span> 
     </span>
    </p>
   </div>
   <div class='ocr_carea' id='block_1_2' title="bbox 368 2557 1658 2621">
    <p class='ocr_par' dir='ltr' id='par_1_6' title="bbox 368 2557 1658 2621">
     <span class='ocr_line' id='line_1_31' title="bbox 368 2557 1658 2621; baseline 0.001 -18"><span class='ocrx_word' id='word_1_224' title='bbox 368 2560 468 2604; x_wconf 83' lang='lat' dir='ltr'>Non</span> <span class='ocrx_word' id='word_1_225' title='bbox 496 2569 559 2602; x_wconf 90' lang='lat' dir='ltr'>est</span> <span class='ocrx_word' id='word_1_226' title='bbox 587 2557 698 2602; x_wconf 87' lang='lat' dir='ltr'>enim</span> <span class='ocrx_word' id='word_1_227' title='bbox 726 2560 995 2620; x_wconf 83' lang='lat' dir='ltr'>philosophia</span> <span class='ocrx_word' id='word_1_228' title='bbox 1017 2560 1165 2604; x_wconf 75' lang='lat' dir='ltr'>similis</span> <span class='ocrx_word' id='word_1_229' title='bbox 1194 2562 1350 2604; x_wconf 84' lang='lat' dir='ltr'>artium</span> <span class='ocrx_word' id='word_1_230' title='bbox 1382 2559 1658 2621; x_wconf 84' lang='lat' dir='ltr'>reliquarum.</span> 
     </span>
    </p>
   </div>
  </div>
 </body>
</html>
