1843 3166
357 222 402 258 56
868 219 928 252 DF,
955 216 1189 251 ORATORE

420 306 557 349 XLII.
599 303 755 347 Omnia
794 302 900 352 sere,
948 316 1041 358 quae
1081 308 1180 340 sunt
1216 294 1415 339 conclusa
1458 309 1572 336 nunc
1607 293 1708 335 arti-

358 384 464 438 bus,
489 382 679 442 dispersa
705 390 745 423 et
774 380 975 438 dissipata
1001 376 1218 436 quondam
1250 376 1423 418 suerunt
1445 390 1453 416 :
1484 381 1532 416 ut
1555 373 1597 414 in
1620 387 1710 414 mu-

358 463 478 518 sicis,
514 462 702 515 numeri,
734 470 775 502 ct
802 474 944 512 voces,
984 467 1024 499 et
1058 455 1199 510 modi,
1232 457 1272 497 in
1297 453 1548 514 geometria,
1580 450 1710 494 linea-

358 551 525 596 menta,
550 541 715 594 foi-mse,
741 536 986 590 intervalla,
1013 534 1352 595 magnstmlines,
1389 534 1430 575 in
1455 529 1710 590 astrologia,

358 620 452 665 coeli
486 620 727 674 conversio,
760 628 904 671 ortus,
936 616 1098 670 obitus,
1143 623 1371 672 motusque
1410 611 1628 665 siderum3
1667 610 1710 651 in

359 700 670 760 grammaticis,
692 707 918 757 poctarum
940 694 1217 755 pertractatio
1232 727 1242 747 ‚
1263 693 1537 735 historiarum
1562 689 1708 749 cogni-

360 780 439 832 tio,
457 778 687 821 verborum
704 775 1020 834 iuterpretati0‚
1034 770 1344 832 pronuntiandi
1363 768 1536 828 quidam
1555 784 1710 819 sonus;

361 860 403 901 in
428 858 505 901 hac
529 857 711 915 denique
738 857 825 914 ipsa
854 855 1019 897 ratione
1044 850 1234 905 dicendi,
1255 850 1512 909 excogitare,
1538 862 1710 902 ornare,

359 938 609 998 disponere,
629 936 890 987 meminisse,
912 948 1060 991 agere3
1089 932 1235 991 ignota
1259 928 1478 988 quondam
1497 927 1712 979 omnibus,

361 1026 401 1059 ct
424 1016 581 1059 diffusa
601 1014 683 1057 late
706 1013 978 1055 videbantur.
1001 1016 1007 1032 ³

423 1093 626 1137 Adhibita
664 1100 727 1134 est
760 1091 890 1150 igitur
923 1106 989 1131 ars
1021 1088 1215 1148 quaedam
1253 1090 1516 1132 extrinsecus
1543 1104 1595 1131 ex
1631 1086 1714 1130 alio

362 1189 514 1234 genere
539 1171 746 1231 quodam,
775 1168 890 1229 quod
918 1169 997 1211 sihi
1021 1177 1160 1211 totum
1192 1166 1436 1227 philosophi
1463 1176 1714 1222 assumunt,

362 1269 454 1312 quae
483 1267 573 1294 rem
602 1248 853 1293 dissolutam
887 1246 1184 1307 divulsamque
1207 1244 1552 1306 conglutinaret,
1579 1255 1623 1289 et
1648 1262 1714 1289 ra-

362 1334 478 1375 tione
501 1330 688 1390 quadam
713 1328 1041 1386 constringeret.

427 1411 491 1454 Sit
512 1426 615 1471 ergo
649 1410 689 1452 in
715 1409 811 1468 jure
843 1405 956 1449 civili
987 1406 1081 1449 finis
1107 1406 1194 1461 hic,
1224 1404 1449 1467 legitimae,
1478 1414 1606 1465 atque
1628 1405 1715 1448 usi-

362 1499 459 1534 tatae
485 1490 528 1533 in
549 1489 673 1532 rebus
692 1487 914 1546 causisque
933 1485 1091 1528 civium
1109 1483 1407 1545 aequabilitatis
1432 1483 1712 1528 conservatio.

426 1572 537 1613 Tum
573 1577 674 1611 sunt
708 1565 899 1610 notanda
935 1581 1109 1626 genera,
1139 1574 1183 1608 et
1207 1563 1261 1608 ad
1287 1574 1454 1609 certum
1485 1578 1714 1607 numerum

364 1649 710 1711 paucitatemque
729 1644 984 1690 revocanda.
1009 1645 1160 1688 Genus
1178 1654 1319 1687 autem
1344 1653 1406 1687 est
1429 1643 1491 1700 id,
1512 1640 1629 1703 quod
1650 1643 1714 1686 sui

363 1727 520 1773 similes
546 1727 850 1772 communione
877 1724 1083 1785 quadam,
1110 1724 1250 1784 specie
1276 1732 1420 1767 autem
1451 1722 1716 1776 differentes,

365 1808 471 1851 duas
495 1816 569 1850 aut
590 1806 735 1868 plures
759 1803 1062 1865 complectitur
1081 1813 1236 1865 partes.
1260 1804 1408 1846 Partes
1427 1812 1570 1847 autem
1591 1811 1716 1856 sunt,

365 1903 459 1946 quae
495 1886 722 1946 generibus
755 1886 828 1938 iis,
865 1900 917 1927 ex
952 1882 1109 1944 quibus
1142 1890 1365 1936 emanant,
1403 1881 1717 1941 subjiciuntur;

365 1964 614 2023 omniaque,
638 1980 732 2023 quae
757 1971 858 2005 sunt
883 1959 950 2005 vel
977 1977 1185 2022 generum
1212 1956 1277 2003 vel
1304 1961 1493 2019 partium
1519 1960 1716 2014 nomina,

365 2043 720 2096 definitionibus,
751 2057 883 2100 quam
916 2041 1004 2083 vim
1036 2038 1248 2095 habeant,
1281 2048 1343 2082 est
1374 2038 1716 2098 exprimendum.

429 2125 506 2166 Est
538 2123 653 2165 enim
683 2120 899 2174 definitio,
928 2135 1078 2162 earum
1105 2135 1270 2175 rerum,
1297 2134 1391 2178 quae
1413 2126 1514 2161 sunt
1544 2118 1635 2178 ejus
1656 2119 1718 2161 rei

365 2201 574 2262 propriae,
608 2216 737 2260 quam
774 2199 953 2242 definire
989 2196 1218 2253 volumus,
1258 2197 1419 2253 brevis,
1454 2206 1497 2241 et
1536 2197 1719 2241 circum-

366 2282 525 2340 scripta
547 2278 742 2339 quaedam
768 2278 1011 2339 explicatio.

427 2359 554 2402 Hisce
574 2374 653 2418 ego
672 2357 799 2401 rebus
822 2357 1016 2418 exempla
1036 2357 1334 2418 adjungerem,
1353 2359 1456 2410 nisi,
1479 2357 1594 2418 apud
1611 2373 1719 2416 quos

364 2438 455 2481 haec
476 2436 709 2480 haberetur
731 2437 870 2481 oratio
886 2472 896 2492 ,
918 2454 1151 2481 cernerem.
1175 2439 1305 2482 Nunc
1323 2436 1585 2497 complectar
1602 2434 1719 2496 quod

362 2523 590 2579 proposui,
617 2515 749 2558 brevi.
781 2517 822 2558 Si
850 2517 965 2559 enim
991 2527 1066 2560 aut
1089 2517 1197 2560 mihi
1223 2517 1361 2560 facere
1384 2515 1576 2571 licuerit,
1603 2514 1716 2575 quod

362 2597 526 2653 iamdiu
556 2603 723 2662 cogito,
755 2606 828 2638 aut
854 2595 963 2639 alius
994 2598 1231 2656 quispiam,
1263 2607 1362 2652 aut,
1392 2612 1459 2639 me
1490 2594 1718 2655 impedito,
