1843 3166
313 168 385 204 228
837 171 901 206 DE
929 172 1166 208 ORATORE

317 256 402 309 tia,
436 264 484 298 ut
508 254 783 316 philosophi,
816 265 1019 316 tanquam
1048 259 1090 300 in
1122 274 1326 318 superum
1358 273 1474 301 mare
1503 257 1671 300 Ionium

312 334 571 391 defluerent,
608 338 810 380 Graecum
842 337 1060 396 quoddam
1092 348 1133 381 ct
1166 348 1443 398 portuosu1n3
1481 346 1672 381 oratores

311 426 453 460 autem
477 418 521 460 in
541 417 724 460 inferum
746 418 827 460 lioc
848 420 1037 462 Tuscum
1057 428 1099 462 et
1119 419 1349 462 barbarum
1364 452 1375 474 ,
1397 415 1671 478 scopulosum

309 506 438 556 atquc
470 497 695 554 infestum,
726 497 988 564 laberentur,
1028 500 1071 542 in
1104 516 1190 560 quo
1217 499 1345 543 etiam
1372 500 1461 559 ipse
1496 497 1670 558 Ulysscs

312 587 509 621 errasset.

376 660 545 714 Quare,
583 659 616 702 si
647 660 728 702 hac
753 658 999 719 eloquentia
1022 670 1151 720 atquc
1178 661 1260 704 hoc
1285 670 1455 704 oratore
1481 659 1672 703 contenti

313 754 481 793 sumus,
519 739 593 797 qui
621 740 745 795 sciat,
774 751 851 782 aut
879 756 1038 800 negare
1063 750 1281 800 oportere,
1322 741 1438 800 quod
1466 755 1672 801 arguare,

313 828 412 872 aut,
453 819 487 861 si
519 817 563 861 id
599 835 686 862 non
721 819 880 878 possit,
924 829 1017 863 tum
1053 819 1299 875 ostendere,
1340 819 1457 879 quod
1491 821 1525 863 is
1561 819 1673 863 fece-

312 899 387 954 rit,
430 899 504 958 qui
540 897 834 955 insimuletur,
882 909 957 943 aut
1001 909 1114 943 recte
1148 899 1331 956 factum,
1382 909 1457 943 aut
1498 898 1672 942 alterius

315 976 443 1038 culpa
468 987 542 1021 aut
569 978 748 1038 injuria,
779 989 854 1023 aut
875 996 925 1023 ex
949 978 1062 1040 lege,
1103 989 1177 1023 aut
1208 996 1296 1023 non
1324 989 1474 1023 contra
1508 977 1643 1039 legem
1661 1012 1674 1034 ,

315 1067 389 1101 aut
422 1057 738 1117 imprudentia,
779 1068 854 1102 aut
887 1060 1147 1116 necessario,
1186 1069 1259 1103 aut
1296 1076 1382 1102 non
1417 1076 1467 1103 eo
1505 1059 1674 1102 nomine

316 1137 640 1198 usurpandum,
670 1154 756 1198 quo
781 1148 1003 1200 arguatur,
1031 1149 1107 1183 aut
1129 1156 1216 1183 non
1242 1141 1299 1183 ita
1326 1140 1422 1200 agi,
1446 1150 1494 1183 ut
1513 1138 1674 1182 debue-

313 1217 396 1273 rit,
424 1233 472 1260 ac
498 1216 692 1274 licuerit,
732 1228 798 1274 et,
835 1219 869 1262 si
897 1219 999 1263 satis
1030 1235 1118 1263 esse
1148 1220 1329 1280 putatis,
1370 1236 1438 1276 ea,
1480 1235 1574 1279 quae
1605 1219 1675 1262 isti

320 1298 551 1357 scriptores
574 1298 676 1341 artis
698 1297 874 1354 docent,
902 1298 1089 1353 discere,
1117 1316 1211 1359 quae
1234 1298 1371 1343 multo
1392 1309 1535 1343 tamen
1555 1314 1676 1342 orna-

318 1377 424 1433 tius,
454 1393 584 1436 quam
608 1377 661 1419 ab
686 1376 768 1419 illis
792 1377 1013 1434 dicuntur,
1052 1388 1094 1421 et
1121 1379 1295 1422 uberius
1330 1379 1557 1439 explicavit
1585 1381 1675 1423 An-

318 1457 488 1513 tonius3
520 1456 618 1512 sed,
647 1456 681 1499 si
709 1456 777 1499 his
798 1457 990 1500 contenti
1010 1458 1129 1512 estis,
1162 1467 1291 1517 atque
1317 1459 1367 1502 iis
1399 1460 1553 1515 etiam,
1583 1474 1677 1518 quae

318 1536 404 1580 dici
430 1536 624 1579 voluistis
653 1553 678 1579 a
705 1553 804 1579 me:
842 1553 894 1579 ex
926 1538 1092 1597 ingenti
1128 1538 1315 1597 quodam
1350 1549 1567 1582 oratorem
1596 1539 1677 1581 im-

318 1633 552 1676 mensoque
576 1632 729 1677 campo
753 1617 798 1659 in
821 1617 1026 1677 exiguum
1049 1633 1149 1660 sane
1171 1634 1323 1678 gyrum
1345 1618 1612 1679 compellitis.

382 1698 457 1741 Sin
482 1706 672 1740 veterem
698 1696 819 1740 illum
840 1695 1074 1754 Periclem,
1104 1707 1179 1740 aut
1200 1698 1317 1741 hunc
1342 1698 1495 1754 etiam,
1524 1699 1599 1758 qui
1620 1697 1680 1742 fa-

319 1775 528 1820 miliarior
559 1777 683 1821 nobis
716 1787 897 1838 propter
928 1777 1193 1838 scriptorum
1227 1777 1551 1822 multitudinem
1588 1789 1678 1836 est,

320 1857 686 1915 Demosthenem,
728 1858 849 1917 sequi
874 1856 1026 1914 vultis,
1067 1868 1130 1915 et,
1161 1859 1195 1902 si
1221 1858 1337 1902 illam
1360 1859 1610 1920 praeclaram
1638 1869 1679 1903 et

320 1937 519 1980 eximiam
559 1938 748 1998 speciem
789 1938 973 1981 oratoris
1009 1939 1191 1999 perfecti
1227 1948 1270 1983 et
1309 1939 1678 2000 pulchritudinem

320 2015 573 2073 adamastis,
604 2028 681 2061 aut
699 2017 819 2061 vobis
838 2017 930 2061 haec
950 2019 1207 2076 Carneadia,
1238 2029 1312 2063 aut
1335 2018 1407 2063 illa
1429 2018 1679 2064 Aristotelia

320 2096 383 2139 vis
409 2096 817 2157 comprehendenda
842 2107 917 2141 est.

356 2176 583 2235 {Namque
622 2175 688 2237 (ut
721 2187 819 2221 ante
852 2177 963 2238 dixi)
1008 2188 1172 2223 veteres
1200 2179 1261 2223 illi
1287 2197 1420 2240 usque
1444 2180 1497 2224 ad
1526 2182 1681 2225 Socra-

323 2264 431 2310 tem,
460 2272 634 2299 omnem
654 2257 848 2301 omnium
872 2275 1042 2315 rerum,
1073 2276 1166 2319 quae
1189 2259 1243 2303 ad
1266 2277 1406 2304 mores
1430 2260 1681 2314 hominum,

324 2352 419 2395 quae
440 2335 494 2379 ad
517 2337 671 2394 vitam,
705 2354 798 2397 quae
822 2338 875 2381 ad
902 2340 1129 2395 virtutem,
1164 2356 1257 2399 quae
1288 2340 1342 2383 ad
1370 2339 1681 2400 rempublicam

324 2416 619 2475 pertinebant,
651 2419 943 2478 cognitionem
970 2429 1011 2463 et
1031 2421 1258 2463 scientiam
1285 2437 1383 2464 cum
1418 2420 1587 2463 dicendi
1617 2437 1683 2464 ra-

323 2495 441 2539 tione
471 2496 737 2556 jungebant;
776 2508 925 2558 postea
961 2499 1179 2543 dissociati
1215 2500 1289 2561 (ut
1315 2500 1523 2561 exposui)
1557 2517 1581 2544 a
1604 2502 1682 2545 So-

324 2585 440 2619 crate
464 2576 612 2620 diserti
637 2593 660 2620 a
685 2577 845 2636 doctis,
875 2589 916 2622 et
940 2579 1140 2641 deinceps
1164 2597 1187 2624 a
1211 2581 1439 2625 Socraticis
1463 2582 1565 2625 item
1589 2598 1681 2625 orn·
