<?xml version="1.0" encoding="UTF-8"?>
<!DOCTYPE html PUBLIC "-//W3C//DTD XHTML 1.0 Transitional//EN"
    "http://www.w3.org/TR/xhtml1/DTD/xhtml1-transitional.dtd">
<html xmlns="http://www.w3.org/1999/xhtml" xml:lang="en" lang="en">
 <head>
  <title>
</title>
<meta http-equiv="Content-Type" content="text/html;charset=utf-8" />
  <meta name='ocr-system' content='tesseract 3.04.00' />
  <meta name='ocr-capabilities' content='ocr_page ocr_carea ocr_par ocr_line ocrx_word'/>
</head>
<body>
  <div class='ocr_page' id='page_1' title='image "./deoratorelibritr00ciceuoft_0247.png"; bbox 0 0 1843 3166; ppageno 0'>
   <div class='ocr_carea' id='block_1_1' title="bbox 661 194 1461 233">
    <p class='ocr_par' dir='ltr' id='par_1_1' title="bbox 661 194 1461 233">
     <span class='ocr_line' id='line_1_1' title="bbox 661 194 1461 233; baseline -0.005 0"><span class='ocrx_word' id='word_1_1' title='bbox 661 198 805 233; x_wconf 87' lang='lat' dir='ltr'><strong>LIBER</strong></span> <span class='ocrx_word' id='word_1_2' title='bbox 838 197 902 230; x_wconf 80' lang='lat'>111.</span> <span class='ocrx_word' id='word_1_3' title='bbox 1390 194 1461 229; x_wconf 79' lang='lat'><strong>235</strong></span> 
     </span>
    </p>
   </div>
   <div class='ocr_carea' id='block_1_2' title="bbox 113 277 1478 2589">
    <p class='ocr_par' dir='ltr' id='par_1_2' title="bbox 113 277 1465 660">
     <span class='ocr_line' id='line_1_2' title="bbox 113 277 1464 342; baseline -0.001 -18"><span class='ocrx_word' id='word_1_4' title='bbox 113 290 274 342; x_wconf 83' lang='lat' dir='ltr'><strong>partes,</strong></span> <span class='ocrx_word' id='word_1_5' title='bbox 313 297 408 340; x_wconf 86' lang='lat' dir='ltr'><strong>quae</strong></span> <span class='ocrx_word' id='word_1_6' title='bbox 441 281 545 324; x_wconf 89' lang='lat' dir='ltr'><strong>mihi</strong></span> <span class='ocrx_word' id='word_1_7' title='bbox 578 289 826 340; x_wconf 76' lang='lat' dir='ltr'><strong>supersunt,</strong></span> <span class='ocrx_word' id='word_1_8' title='bbox 863 277 1126 322; x_wconf 79' lang='lat' dir='ltr'><strong>illustrandae</strong></span> <span class='ocrx_word' id='word_1_9' title='bbox 1162 279 1386 334; x_wconf 90' lang='lat' dir='ltr'><strong>orationis,</strong></span> <span class='ocrx_word' id='word_1_10' title='bbox 1416 295 1464 322; x_wconf 91' lang='lat' dir='ltr'><strong>ac</strong></span> 
     </span>
     <span class='ocr_line' id='line_1_3' title="bbox 121 356 1465 420; baseline -0.001 -16"><span class='ocrx_word' id='word_1_11' title='bbox 121 362 253 404; x_wconf 88' lang='lat' dir='ltr'><strong>totius</strong></span> <span class='ocrx_word' id='word_1_12' title='bbox 282 360 534 420; x_wconf 85' lang='lat' dir='ltr'><strong>eloquentiae</strong></span> <span class='ocrx_word' id='word_1_13' title='bbox 558 358 846 414; x_wconf 78' lang='lat' dir='ltr'><strong>cumulandae,</strong></span> <span class='ocrx_word' id='word_1_14' title='bbox 885 374 1068 418; x_wconf 90' lang='lat' dir='ltr'><strong>quarum</strong></span> <span class='ocrx_word' id='word_1_15' title='bbox 1103 356 1237 401; x_wconf 87' lang='lat' dir='ltr'><strong>altera</strong></span> <span class='ocrx_word' id='word_1_16' title='bbox 1264 358 1344 401; x_wconf 89' lang='lat' dir='ltr'><strong>dici</strong></span> <span class='ocrx_word' id='word_1_17' title='bbox 1370 375 1465 418; x_wconf 91' lang='lat' dir='ltr'><strong>pos-</strong></span> 
     </span>
     <span class='ocr_line' id='line_1_4' title="bbox 116 438 1464 498; baseline -0.002 -15"><span class='ocrx_word' id='word_1_18' title='bbox 116 440 225 484; x_wconf 84' lang='lat' dir='ltr'><strong>tulat</strong></span> <span class='ocrx_word' id='word_1_19' title='bbox 249 450 417 496; x_wconf 89' lang='lat' dir='ltr'><strong>ornate,</strong></span> <span class='ocrx_word' id='word_1_20' title='bbox 441 438 573 484; x_wconf 87' lang='lat' dir='ltr'><strong>altera</strong></span> <span class='ocrx_word' id='word_1_21' title='bbox 601 448 718 498; x_wconf 88' lang='lat' dir='ltr'>apte,</span> <span class='ocrx_word' id='word_1_22' title='bbox 739 438 850 482; x_wconf 90' lang='lat' dir='ltr'><strong>hanc</strong></span> <span class='ocrx_word' id='word_1_23' title='bbox 872 438 1033 481; x_wconf 91' lang='lat' dir='ltr'><strong>habent</strong></span> <span class='ocrx_word' id='word_1_24' title='bbox 1057 438 1162 494; x_wconf 89' lang='lat' dir='ltr'><strong>vim,</strong></span> <span class='ocrx_word' id='word_1_25' title='bbox 1187 446 1236 480; x_wconf 91' lang='lat' dir='ltr'><strong>ut</strong></span> <span class='ocrx_word' id='word_1_26' title='bbox 1257 438 1310 480; x_wconf 91' lang='lat' dir='ltr'><strong>sit</strong></span> <span class='ocrx_word' id='word_1_27' title='bbox 1337 454 1464 497; x_wconf 89' lang='lat' dir='ltr'><strong>quam</strong></span> 
     </span>
     <span class='ocr_line' id='line_1_5' title="bbox 115 518 1464 581; baseline -0.004 -17"><span class='ocrx_word' id='word_1_28' title='bbox 115 522 298 564; x_wconf 86' lang='lat' dir='ltr'><strong>maxime</strong></span> <span class='ocrx_word' id='word_1_29' title='bbox 323 519 535 581; x_wconf 88' lang='lat' dir='ltr'><strong>jucunda,</strong></span> <span class='ocrx_word' id='word_1_30' title='bbox 566 535 696 579; x_wconf 87' lang='lat' dir='ltr'><strong>quam</strong></span> <span class='ocrx_word' id='word_1_31' title='bbox 733 519 916 563; x_wconf 85' lang='lat' dir='ltr'><strong>maxime</strong></span> <span class='ocrx_word' id='word_1_32' title='bbox 943 519 986 562; x_wconf 92' lang='lat' dir='ltr'><strong>in</strong></span> <span class='ocrx_word' id='word_1_33' title='bbox 1017 534 1164 562; x_wconf 91' lang='lat' dir='ltr'><strong>sensus</strong></span> <span class='ocrx_word' id='word_1_34' title='bbox 1194 533 1366 574; x_wconf 85' lang='lat' dir='ltr'><strong>eorum,</strong></span> <span class='ocrx_word' id='word_1_35' title='bbox 1393 518 1464 576; x_wconf 90' lang='lat' dir='ltr'><strong>qui</strong></span> 
     </span>
     <span class='ocr_line' id='line_1_6' title="bbox 115 598 1403 660; baseline -0.004 -15"><span class='ocrx_word' id='word_1_36' title='bbox 115 601 315 656; x_wconf 89' lang='lat' dir='ltr'><strong>audiunt,</strong></span> <span class='ocrx_word' id='word_1_37' title='bbox 335 599 504 654; x_wconf 88' lang='lat' dir='ltr'>influat,</span> <span class='ocrx_word' id='word_1_38' title='bbox 525 609 566 643; x_wconf 91' lang='lat' dir='ltr'><strong>et</strong></span> <span class='ocrx_word' id='word_1_39' title='bbox 584 615 713 660; x_wconf 91' lang='lat' dir='ltr'><strong>quam</strong></span> <span class='ocrx_word' id='word_1_40' title='bbox 736 598 934 659; x_wconf 82' lang='lat' dir='ltr'><strong>plurimis</strong></span> <span class='ocrx_word' id='word_1_41' title='bbox 957 598 1012 642; x_wconf 91' lang='lat' dir='ltr'><strong>sit</strong></span> <span class='ocrx_word' id='word_1_42' title='bbox 1034 598 1159 642; x_wconf 90' lang='lat' dir='ltr'><strong>rebus</strong></span> <span class='ocrx_word' id='word_1_43' title='bbox 1182 598 1403 641; x_wconf 88' lang='lat' dir='ltr'><strong>instructa.</strong></span> 
     </span>
    </p>

    <p class='ocr_par' dir='ltr' id='par_1_3' title="bbox 117 677 1474 1384">
     <span class='ocr_line' id='line_1_7' title="bbox 179 677 1468 740; baseline -0.003 -16"><span class='ocrx_word' id='word_1_44' title='bbox 179 683 521 724; x_wconf 89' lang='lat' dir='ltr'><strong>Instrumentum</strong></span> <span class='ocrx_word' id='word_1_45' title='bbox 549 690 694 724; x_wconf 87' lang='lat' dir='ltr'><strong>autern</strong></span> <span class='ocrx_word' id='word_1_46' title='bbox 723 680 806 723; x_wconf 91' lang='lat' dir='ltr'><strong>hoc</strong></span> <span class='ocrx_word' id='word_1_47' title='bbox 842 678 1034 735; x_wconf 84' lang='lat' dir='ltr'><strong>forense,</strong></span> <span class='ocrx_word' id='word_1_48' title='bbox 1063 677 1321 740; x_wconf 80' lang='lat' dir='ltr'><strong>litigiosum,</strong></span> <span class='ocrx_word' id='word_1_49' title='bbox 1350 692 1468 734; x_wconf 85' lang='lat' dir='ltr'><strong>acre,</strong></span> 
     </span>
     <span class='ocr_line' id='line_1_8' title="bbox 121 759 1468 820; baseline -0.002 -16"><span class='ocrx_word' id='word_1_50' title='bbox 121 770 305 804; x_wconf 89' lang='lat' dir='ltr'><strong>tractum</strong></span> <span class='ocrx_word' id='word_1_51' title='bbox 322 776 374 804; x_wconf 86' lang='lat' dir='ltr'><strong>ex</strong></span> <span class='ocrx_word' id='word_1_52' title='bbox 399 759 518 820; x_wconf 88' lang='lat' dir='ltr'><strong>vulgi</strong></span> <span class='ocrx_word' id='word_1_53' title='bbox 539 759 837 820; x_wconf 82' lang='lat' dir='ltr'><strong>opinionibus,</strong></span> <span class='ocrx_word' id='word_1_54' title='bbox 860 759 1062 820; x_wconf 83' lang='lat' dir='ltr'><strong>exiguum</strong></span> <span class='ocrx_word' id='word_1_55' title='bbox 1084 775 1185 802; x_wconf 84' lang='lat' dir='ltr'><strong>sane</strong></span> <span class='ocrx_word' id='word_1_56' title='bbox 1203 768 1329 818; x_wconf 82' lang='lat' dir='ltr'><strong>atque</strong></span> <span class='ocrx_word' id='word_1_57' title='bbox 1352 774 1468 801; x_wconf 86' lang='lat' dir='ltr'><strong>men-</strong></span> 
     </span>
     <span class='ocr_line' id='line_1_9' title="bbox 119 839 1467 901; baseline -0.002 -17"><span class='ocrx_word' id='word_1_58' title='bbox 119 841 265 885; x_wconf 89' lang='lat' dir='ltr'><strong>dicum</strong></span> <span class='ocrx_word' id='word_1_59' title='bbox 293 850 374 896; x_wconf 89' lang='lat' dir='ltr'><strong>est;</strong></span> <span class='ocrx_word' id='word_1_60' title='bbox 408 840 515 884; x_wconf 87' lang='lat' dir='ltr'><strong>illud</strong></span> <span class='ocrx_word' id='word_1_61' title='bbox 544 857 691 884; x_wconf 87' lang='lat' dir='ltr'><strong>rursus</strong></span> <span class='ocrx_word' id='word_1_62' title='bbox 728 841 891 901; x_wconf 88' lang='lat' dir='ltr'><strong>ipsum,</strong></span> <span class='ocrx_word' id='word_1_63' title='bbox 920 839 1036 900; x_wconf 90' lang='lat' dir='ltr'><strong>quod</strong></span> <span class='ocrx_word' id='word_1_64' title='bbox 1068 839 1243 882; x_wconf 84' lang='lat' dir='ltr'><strong>tradunt</strong></span> <span class='ocrx_word' id='word_1_65' title='bbox 1275 839 1366 895; x_wconf 90' lang='lat' dir='ltr'><strong>isti,</strong></span> <span class='ocrx_word' id='word_1_66' title='bbox 1396 839 1467 899; x_wconf 92' lang='lat' dir='ltr'><strong>qui</strong></span> 
     </span>
     <span class='ocr_line' id='line_1_10' title="bbox 119 918 1469 982; baseline -0.002 -18"><span class='ocrx_word' id='word_1_67' title='bbox 119 921 380 982; x_wconf 85' lang='lat' dir='ltr'><strong>profitentur</strong></span> <span class='ocrx_word' id='word_1_68' title='bbox 395 938 438 965; x_wconf 85' lang='lat' dir='ltr'><strong>se</strong></span> <span class='ocrx_word' id='word_1_69' title='bbox 458 920 627 965; x_wconf 89' lang='lat' dir='ltr'><strong>dicendi</strong></span> <span class='ocrx_word' id='word_1_70' title='bbox 650 921 898 981; x_wconf 84' lang='lat' dir='ltr'><strong>magistros,</strong></span> <span class='ocrx_word' id='word_1_71' title='bbox 916 937 1002 964; x_wconf 92' lang='lat' dir='ltr'><strong>non</strong></span> <span class='ocrx_word' id='word_1_72' title='bbox 1029 918 1213 963; x_wconf 89' lang='lat' dir='ltr'><strong>multum</strong></span> <span class='ocrx_word' id='word_1_73' title='bbox 1229 929 1293 962; x_wconf 87' lang='lat' dir='ltr'><strong>est</strong></span> <span class='ocrx_word' id='word_1_74' title='bbox 1310 920 1469 979; x_wconf 87' lang='lat' dir='ltr'><strong>majus,</strong></span> 
     </span>
     <span class='ocr_line' id='line_1_11' title="bbox 117 1000 1472 1061; baseline -0.001 -17"><span class='ocrx_word' id='word_1_75' title='bbox 117 1017 247 1061; x_wconf 88' lang='lat' dir='ltr'><strong>quam</strong></span> <span class='ocrx_word' id='word_1_76' title='bbox 277 1000 382 1044; x_wconf 92' lang='lat' dir='ltr'><strong>illud</strong></span> <span class='ocrx_word' id='word_1_77' title='bbox 407 1000 584 1061; x_wconf 81' lang='lat' dir='ltr'><strong>vulgare</strong></span> <span class='ocrx_word' id='word_1_78' title='bbox 611 1017 659 1044; x_wconf 92' lang='lat' dir='ltr'><strong>ac</strong></span> <span class='ocrx_word' id='word_1_79' title='bbox 681 1001 862 1044; x_wconf 85' lang='lat' dir='ltr'><strong>forense.</strong></span> <span class='ocrx_word' id='word_1_80' title='bbox 880 1003 1102 1060; x_wconf 87' lang='lat' dir='ltr'><strong>Apparatu</strong></span> <span class='ocrx_word' id='word_1_81' title='bbox 1122 1000 1245 1043; x_wconf 88' lang='lat' dir='ltr'><strong>nobis</strong></span> <span class='ocrx_word' id='word_1_82' title='bbox 1261 1015 1367 1060; x_wconf 92' lang='lat' dir='ltr'><strong>opus</strong></span> <span class='ocrx_word' id='word_1_83' title='bbox 1389 1009 1472 1053; x_wconf 86' lang='lat' dir='ltr'><strong>est,</strong></span> 
     </span>
     <span class='ocr_line' id='line_1_12' title="bbox 118 1079 1471 1142; baseline -0.003 -16"><span class='ocrx_word' id='word_1_84' title='bbox 118 1091 161 1126; x_wconf 85' lang='lat' dir='ltr'><strong>et</strong></span> <span class='ocrx_word' id='word_1_85' title='bbox 184 1082 312 1125; x_wconf 84' lang='lat' dir='ltr'><strong>rebus</strong></span> <span class='ocrx_word' id='word_1_86' title='bbox 336 1083 556 1142; x_wconf 83' lang='lat' dir='ltr'><strong>exquisitis</strong></span> <span class='ocrx_word' id='word_1_87' title='bbox 585 1081 776 1141; x_wconf 91' lang='lat' dir='ltr'><strong>undique</strong></span> <span class='ocrx_word' id='word_1_88' title='bbox 799 1091 841 1124; x_wconf 91' lang='lat' dir='ltr'><strong>et</strong></span> <span class='ocrx_word' id='word_1_89' title='bbox 866 1079 1076 1134; x_wconf 80' lang='lat' dir='ltr'><strong>collectis,</strong></span> <span class='ocrx_word' id='word_1_90' title='bbox 1102 1080 1333 1133; x_wconf 79' lang='lat' dir='ltr'><strong>arcessitis,</strong></span> <span class='ocrx_word' id='word_1_91' title='bbox 1357 1096 1471 1123; x_wconf 91' lang='lat' dir='ltr'><strong>com-</strong></span> 
     </span>
     <span class='ocr_line' id='line_1_13' title="bbox 120 1161 1472 1223; baseline -0.001 -17"><span class='ocrx_word' id='word_1_92' title='bbox 120 1163 320 1223; x_wconf 87' lang='lat' dir='ltr'><strong>portatis,</strong></span> <span class='ocrx_word' id='word_1_93' title='bbox 340 1173 387 1206; x_wconf 94' lang='lat' dir='ltr'><strong>ut</strong></span> <span class='ocrx_word' id='word_1_94' title='bbox 409 1163 505 1217; x_wconf 90' lang='lat' dir='ltr'><strong>tibi,</strong></span> <span class='ocrx_word' id='word_1_95' title='bbox 523 1165 679 1218; x_wconf 80' lang='lat' dir='ltr'><strong>Caesar,</strong></span> <span class='ocrx_word' id='word_1_96' title='bbox 695 1161 939 1206; x_wconf 83' lang='lat' dir='ltr'><strong>faciendum</strong></span> <span class='ocrx_word' id='word_1_97' title='bbox 961 1172 1024 1206; x_wconf 89' lang='lat' dir='ltr'><strong>est</strong></span> <span class='ocrx_word' id='word_1_98' title='bbox 1048 1161 1101 1205; x_wconf 94' lang='lat' dir='ltr'><strong>ad</strong></span> <span class='ocrx_word' id='word_1_99' title='bbox 1125 1177 1305 1216; x_wconf 80' lang='lat' dir='ltr'><strong>annum3</strong></span> <span class='ocrx_word' id='word_1_100' title='bbox 1331 1170 1377 1204; x_wconf 92' lang='lat' dir='ltr'><strong>ut</strong></span> <span class='ocrx_word' id='word_1_101' title='bbox 1394 1177 1472 1221; x_wconf 88' lang='lat' dir='ltr'><strong>ego</strong></span> 
     </span>
     <span class='ocr_line' id='line_1_14' title="bbox 122 1241 1474 1304; baseline -0.001 -17"><span class='ocrx_word' id='word_1_102' title='bbox 122 1244 164 1286; x_wconf 91' lang='lat' dir='ltr'><strong>in</strong></span> <span class='ocrx_word' id='word_1_103' title='bbox 189 1243 388 1287; x_wconf 82' lang='lat' dir='ltr'><strong>aedilitate</strong></span> <span class='ocrx_word' id='word_1_104' title='bbox 416 1242 629 1299; x_wconf 84' lang='lat' dir='ltr'><strong>laboravi,</strong></span> <span class='ocrx_word' id='word_1_105' title='bbox 657 1243 775 1304; x_wconf 90' lang='lat' dir='ltr'><strong>quod</strong></span> <span class='ocrx_word' id='word_1_106' title='bbox 804 1243 1065 1303; x_wconf 84' lang='lat' dir='ltr'><strong>quotidianis</strong></span> <span class='ocrx_word' id='word_1_107' title='bbox 1086 1252 1126 1286; x_wconf 87' lang='lat' dir='ltr'><strong>et</strong></span> <span class='ocrx_word' id='word_1_108' title='bbox 1148 1241 1388 1286; x_wconf 90' lang='lat' dir='ltr'><strong>vernaculis</strong></span> <span class='ocrx_word' id='word_1_109' title='bbox 1406 1258 1474 1285; x_wconf 87' lang='lat' dir='ltr'><strong>re-</strong></span> 
     </span>
     <span class='ocr_line' id='line_1_15' title="bbox 120 1321 1366 1384; baseline -0.002 -17"><span class='ocrx_word' id='word_1_110' title='bbox 120 1324 200 1368; x_wconf 92' lang='lat' dir='ltr'><strong>bus</strong></span> <span class='ocrx_word' id='word_1_111' title='bbox 218 1323 462 1368; x_wconf 87' lang='lat' dir='ltr'><strong>satisfacere</strong></span> <span class='ocrx_word' id='word_1_112' title='bbox 483 1340 552 1367; x_wconf 90' lang='lat' dir='ltr'><strong>me</strong></span> <span class='ocrx_word' id='word_1_113' title='bbox 576 1340 699 1384; x_wconf 90' lang='lat' dir='ltr'><strong>posse</strong></span> <span class='ocrx_word' id='word_1_114' title='bbox 723 1323 823 1366; x_wconf 90' lang='lat' dir='ltr'><strong>huic</strong></span> <span class='ocrx_word' id='word_1_115' title='bbox 847 1321 1010 1383; x_wconf 91' lang='lat' dir='ltr'><strong>populo</strong></span> <span class='ocrx_word' id='word_1_116' title='bbox 1036 1339 1123 1365; x_wconf 90' lang='lat' dir='ltr'><strong>non</strong></span> <span class='ocrx_word' id='word_1_117' title='bbox 1147 1322 1366 1382; x_wconf 88' lang='lat' dir='ltr'><strong>putabam.</strong></span> 
     </span>
    </p>

    <p class='ocr_par' dir='ltr' id='par_1_4' title="bbox 117 1401 1478 2168">
     <span class='ocr_line' id='line_1_16' title="bbox 183 1401 1476 1464; baseline -0.001 -17"><span class='ocrx_word' id='word_1_118' title='bbox 183 1405 427 1447; x_wconf 88' lang='lat' dir='ltr'><strong>Verborum</strong></span> <span class='ocrx_word' id='word_1_119' title='bbox 465 1402 783 1464; x_wconf 84' lang='lat' dir='ltr'><strong>eligendorum,</strong></span> <span class='ocrx_word' id='word_1_120' title='bbox 818 1412 860 1446; x_wconf 91' lang='lat' dir='ltr'><strong>et</strong></span> <span class='ocrx_word' id='word_1_121' title='bbox 887 1401 1261 1458; x_wconf 88' lang='lat' dir='ltr'><strong>collocandorum,</strong></span> <span class='ocrx_word' id='word_1_122' title='bbox 1298 1412 1340 1445; x_wconf 89' lang='lat' dir='ltr'><strong>et</strong></span> <span class='ocrx_word' id='word_1_123' title='bbox 1374 1419 1476 1446; x_wconf 89' lang='lat' dir='ltr'><strong>con-</strong></span> 
     </span>
     <span class='ocr_line' id='line_1_17' title="bbox 120 1481 1477 1543; baseline 0.001 -17"><span class='ocrx_word' id='word_1_124' title='bbox 120 1483 432 1527; x_wconf 87' lang='lat' dir='ltr'><strong>cludendorum</strong></span> <span class='ocrx_word' id='word_1_125' title='bbox 457 1482 591 1527; x_wconf 89' lang='lat' dir='ltr'><strong>facilis</strong></span> <span class='ocrx_word' id='word_1_126' title='bbox 617 1493 680 1527; x_wconf 90' lang='lat' dir='ltr'><strong>est</strong></span> <span class='ocrx_word' id='word_1_127' title='bbox 701 1481 769 1527; x_wconf 86' lang='lat' dir='ltr'><strong>vel</strong></span> <span class='ocrx_word' id='word_1_128' title='bbox 794 1483 926 1539; x_wconf 89' lang='lat' dir='ltr'><strong>ratio,</strong></span> <span class='ocrx_word' id='word_1_129' title='bbox 952 1481 1040 1537; x_wconf 86' lang='lat' dir='ltr'><strong>vel,</strong></span> <span class='ocrx_word' id='word_1_130' title='bbox 1059 1483 1151 1526; x_wconf 91' lang='lat' dir='ltr'><strong>sine</strong></span> <span class='ocrx_word' id='word_1_131' title='bbox 1170 1483 1357 1540; x_wconf 88' lang='lat' dir='ltr'><strong>ratione,</strong></span> <span class='ocrx_word' id='word_1_132' title='bbox 1386 1484 1477 1543; x_wconf 90' lang='lat' dir='ltr'><strong>ipsa</strong></span> 
     </span>
     <span class='ocr_line' id='line_1_18' title="bbox 120 1562 1476 1623; baseline 0.001 -17"><span class='ocrx_word' id='word_1_133' title='bbox 120 1563 382 1607; x_wconf 86' lang='lat' dir='ltr'><strong>exercitatio.</strong></span> <span class='ocrx_word' id='word_1_134' title='bbox 409 1566 572 1608; x_wconf 89' lang='lat' dir='ltr'><strong>Rerum</strong></span> <span class='ocrx_word' id='word_1_135' title='bbox 600 1573 664 1607; x_wconf 90' lang='lat' dir='ltr'><strong>est</strong></span> <span class='ocrx_word' id='word_1_136' title='bbox 694 1562 799 1607; x_wconf 88' lang='lat' dir='ltr'><strong>silva</strong></span> <span class='ocrx_word' id='word_1_137' title='bbox 827 1579 1000 1623; x_wconf 88' lang='lat' dir='ltr'><strong>magna,</strong></span> <span class='ocrx_word' id='word_1_138' title='bbox 1023 1579 1153 1622; x_wconf 89' lang='lat' dir='ltr'><strong>quam</strong></span> <span class='ocrx_word' id='word_1_139' title='bbox 1179 1579 1313 1622; x_wconf 92' lang='lat' dir='ltr'><strong>quum</strong></span> <span class='ocrx_word' id='word_1_140' title='bbox 1336 1565 1476 1608; x_wconf 86' lang='lat' dir='ltr'><strong>Graeci</strong></span> 
     </span>
     <span class='ocr_line' id='line_1_19' title="bbox 117 1643 1478 1704; baseline 0.001 -17"><span class='ocrx_word' id='word_1_141' title='bbox 117 1645 205 1704; x_wconf 87' lang='lat' dir='ltr'><strong>jam</strong></span> <span class='ocrx_word' id='word_1_142' title='bbox 237 1660 325 1687; x_wconf 91' lang='lat' dir='ltr'><strong>non</strong></span> <span class='ocrx_word' id='word_1_143' title='bbox 361 1653 578 1697; x_wconf 85' lang='lat' dir='ltr'><strong>tenerent,</strong></span> <span class='ocrx_word' id='word_1_144' title='bbox 609 1644 665 1686; x_wconf 93' lang='lat' dir='ltr'><strong>ob</strong></span> <span class='ocrx_word' id='word_1_145' title='bbox 698 1659 878 1702; x_wconf 87' lang='lat' dir='ltr'><strong>eamque</strong></span> <span class='ocrx_word' id='word_1_146' title='bbox 903 1659 1074 1686; x_wconf 90' lang='lat' dir='ltr'><strong>causam</strong></span> <span class='ocrx_word' id='word_1_147' title='bbox 1101 1643 1302 1702; x_wconf 85' lang='lat' dir='ltr'><strong>juventus</strong></span> <span class='ocrx_word' id='word_1_148' title='bbox 1331 1654 1478 1688; x_wconf 87' lang='lat' dir='ltr'><strong>nostra</strong></span> 
     </span>
     <span class='ocr_line' id='line_1_20' title="bbox 123 1722 1476 1784; baseline 0.001 -17"><span class='ocrx_word' id='word_1_149' title='bbox 123 1723 358 1767; x_wconf 88' lang='lat' dir='ltr'><strong>dedisceret</strong></span> <span class='ocrx_word' id='word_1_150' title='bbox 387 1740 507 1783; x_wconf 82' lang='lat' dir='ltr'><strong>paene</strong></span> <span class='ocrx_word' id='word_1_151' title='bbox 542 1723 765 1777; x_wconf 86' lang='lat' dir='ltr'><strong>discendo,</strong></span> <span class='ocrx_word' id='word_1_152' title='bbox 797 1724 925 1766; x_wconf 86' lang='lat' dir='ltr'><strong>etiam</strong></span> <span class='ocrx_word' id='word_1_153' title='bbox 949 1723 1116 1779; x_wconf 88' lang='lat' dir='ltr'><strong>Latini,</strong></span> <span class='ocrx_word' id='word_1_154' title='bbox 1150 1724 1183 1767; x_wconf 94' lang='lat' dir='ltr'><strong>si</strong></span> <span class='ocrx_word' id='word_1_155' title='bbox 1207 1722 1287 1767; x_wconf 92' lang='lat' dir='ltr'><strong>diis</strong></span> <span class='ocrx_word' id='word_1_156' title='bbox 1313 1723 1476 1784; x_wconf 88' lang='lat' dir='ltr'><strong>placet,</strong></span> 
     </span>
     <span class='ocr_line' id='line_1_21' title="bbox 122 1803 1478 1864; baseline 0.001 -18"><span class='ocrx_word' id='word_1_157' title='bbox 122 1804 203 1847; x_wconf 86' lang='lat' dir='ltr'><strong>hoc</strong></span> <span class='ocrx_word' id='word_1_158' title='bbox 221 1803 397 1847; x_wconf 89' lang='lat' dir='ltr'><strong>biennio</strong></span> <span class='ocrx_word' id='word_1_159' title='bbox 427 1804 622 1864; x_wconf 87' lang='lat' dir='ltr'><strong>magistri</strong></span> <span class='ocrx_word' id='word_1_160' title='bbox 645 1803 814 1847; x_wconf 90' lang='lat' dir='ltr'><strong>dicendi</strong></span> <span class='ocrx_word' id='word_1_161' title='bbox 840 1804 1092 1847; x_wconf 82' lang='lat' dir='ltr'><strong>exstiterunt</strong></span> <span class='ocrx_word' id='word_1_162' title='bbox 1112 1819 1122 1847; x_wconf 91' lang='lat'><strong>:</strong></span> <span class='ocrx_word' id='word_1_163' title='bbox 1151 1820 1258 1863; x_wconf 91' lang='lat' dir='ltr'><strong>quos</strong></span> <span class='ocrx_word' id='word_1_164' title='bbox 1281 1820 1360 1864; x_wconf 85' lang='lat' dir='ltr'><strong>ego</strong></span> <span class='ocrx_word' id='word_1_165' title='bbox 1385 1821 1478 1848; x_wconf 94' lang='lat' dir='ltr'><strong>cen-</strong></span> 
     </span>
     <span class='ocr_line' id='line_1_22' title="bbox 122 1883 1478 1945; baseline 0.001 -18"><span class='ocrx_word' id='word_1_166' title='bbox 122 1901 193 1927; x_wconf 91' lang='lat' dir='ltr'><strong>sor</strong></span> <span class='ocrx_word' id='word_1_167' title='bbox 226 1883 366 1928; x_wconf 88' lang='lat' dir='ltr'><strong>edicto</strong></span> <span class='ocrx_word' id='word_1_168' title='bbox 403 1901 498 1928; x_wconf 91' lang='lat' dir='ltr'><strong>meo</strong></span> <span class='ocrx_word' id='word_1_169' title='bbox 535 1883 812 1939; x_wconf 87' lang='lat' dir='ltr'><strong>sustuleram;</strong></span> <span class='ocrx_word' id='word_1_170' title='bbox 850 1901 937 1928; x_wconf 89' lang='lat' dir='ltr'><strong>non</strong></span> <span class='ocrx_word' id='word_1_171' title='bbox 972 1901 1059 1944; x_wconf 91' lang='lat' dir='ltr'><strong>quo</strong></span> <span class='ocrx_word' id='word_1_172' title='bbox 1097 1884 1169 1944; x_wconf 84' lang='lat' dir='ltr'><strong>(ut</strong></span> <span class='ocrx_word' id='word_1_173' title='bbox 1201 1886 1345 1928; x_wconf 89' lang='lat' dir='ltr'><strong>nescio</strong></span> <span class='ocrx_word' id='word_1_174' title='bbox 1371 1901 1478 1945; x_wconf 90' lang='lat' dir='ltr'><strong>quos</strong></span> 
     </span>
     <span class='ocr_line' id='line_1_23' title="bbox 123 1962 1476 2025; baseline 0 -17"><span class='ocrx_word' id='word_1_175' title='bbox 123 1963 266 2008; x_wconf 87' lang='lat' dir='ltr'><strong>dicere</strong></span> <span class='ocrx_word' id='word_1_176' title='bbox 311 1963 514 2024; x_wconf 85' lang='lat' dir='ltr'><strong>aiebant)</strong></span> <span class='ocrx_word' id='word_1_177' title='bbox 560 1965 654 2008; x_wconf 90' lang='lat' dir='ltr'><strong>acui</strong></span> <span class='ocrx_word' id='word_1_178' title='bbox 692 1965 863 2025; x_wconf 86' lang='lat' dir='ltr'><strong>ingenia</strong></span> <span class='ocrx_word' id='word_1_179' title='bbox 913 1962 1247 2008; x_wconf 85' lang='lat' dir='ltr'><strong>adolescentium</strong></span> <span class='ocrx_word' id='word_1_180' title='bbox 1293 1963 1476 2020; x_wconf 91' lang='lat' dir='ltr'><strong>nollem,</strong></span> 
     </span>
     <span class='ocr_line' id='line_1_24' title="bbox 124 2043 1478 2106; baseline 0.001 -18"><span class='ocrx_word' id='word_1_181' title='bbox 124 2044 197 2088; x_wconf 90' lang='lat' dir='ltr'><strong>sed</strong></span> <span class='ocrx_word' id='word_1_182' title='bbox 219 2054 370 2089; x_wconf 85' lang='lat' dir='ltr'><strong>contra</strong></span> <span class='ocrx_word' id='word_1_183' title='bbox 399 2045 567 2105; x_wconf 82' lang='lat' dir='ltr'><strong>ingenia</strong></span> <span class='ocrx_word' id='word_1_184' title='bbox 586 2044 766 2089; x_wconf 91' lang='lat' dir='ltr'><strong>obtundi</strong></span> <span class='ocrx_word' id='word_1_185' title='bbox 790 2043 909 2088; x_wconf 88' lang='lat' dir='ltr'><strong>nolui</strong></span> <span class='ocrx_word' id='word_1_186' title='bbox 922 2078 933 2100; x_wconf 90' lang='lat'><strong>,</strong></span> <span class='ocrx_word' id='word_1_187' title='bbox 961 2045 1231 2089; x_wconf 89' lang='lat' dir='ltr'><strong>corroborari</strong></span> <span class='ocrx_word' id='word_1_188' title='bbox 1253 2045 1478 2106; x_wconf 82' lang='lat' dir='ltr'><strong>impuden-</strong></span> 
     </span>
     <span class='ocr_line' id='line_1_25' title="bbox 126 2126 242 2168; baseline -0.009 0"><span class='ocrx_word' id='word_1_189' title='bbox 126 2126 242 2168; x_wconf 88' lang='lat' dir='ltr'><strong>tiam.</strong></span> 
     </span>
    </p>

    <p class='ocr_par' dir='ltr' id='par_1_5' title="bbox 127 2205 1477 2589">
     <span class='ocr_line' id='line_1_26' title="bbox 187 2205 1476 2267; baseline 0.002 -19"><span class='ocrx_word' id='word_1_190' title='bbox 187 2207 299 2249; x_wconf 83' lang='lat' dir='ltr'><strong>Nam</strong></span> <span class='ocrx_word' id='word_1_191' title='bbox 322 2205 437 2266; x_wconf 90' lang='lat' dir='ltr'><strong>apud</strong></span> <span class='ocrx_word' id='word_1_192' title='bbox 451 2208 647 2263; x_wconf 86' lang='lat' dir='ltr'><strong>Graecos,</strong></span> <span class='ocrx_word' id='word_1_193' title='bbox 672 2207 746 2267; x_wconf 91' lang='lat' dir='ltr'><strong>qui</strong></span> <span class='ocrx_word' id='word_1_194' title='bbox 772 2206 981 2267; x_wconf 89' lang='lat' dir='ltr'><strong>ejusmodi</strong></span> <span class='ocrx_word' id='word_1_195' title='bbox 1006 2217 1168 2263; x_wconf 86' lang='lat' dir='ltr'><strong>essent,</strong></span> <span class='ocrx_word' id='word_1_196' title='bbox 1192 2205 1389 2251; x_wconf 86' lang='lat' dir='ltr'><strong>videbam</strong></span> <span class='ocrx_word' id='word_1_197' title='bbox 1413 2216 1476 2251; x_wconf 90' lang='lat' dir='ltr'><strong>ta-</strong></span> 
     </span>
     <span class='ocr_line' id='line_1_27' title="bbox 127 2286 1475 2349; baseline 0.002 -21"><span class='ocrx_word' id='word_1_198' title='bbox 127 2301 223 2329; x_wconf 90' lang='lat' dir='ltr'><strong>men</strong></span> <span class='ocrx_word' id='word_1_199' title='bbox 239 2302 346 2341; x_wconf 89' lang='lat' dir='ltr'><strong>esse,</strong></span> <span class='ocrx_word' id='word_1_200' title='bbox 370 2296 524 2346; x_wconf 86' lang='lat' dir='ltr'><strong>praeter</strong></span> <span class='ocrx_word' id='word_1_201' title='bbox 539 2288 652 2332; x_wconf 86' lang='lat' dir='ltr'><strong>hanc</strong></span> <span class='ocrx_word' id='word_1_202' title='bbox 671 2287 1019 2332; x_wconf 85' lang='lat' dir='ltr'><strong>exercitationem</strong></span> <span class='ocrx_word' id='word_1_203' title='bbox 1035 2286 1209 2349; x_wconf 86' lang='lat' dir='ltr'><strong>linguae,</strong></span> <span class='ocrx_word' id='word_1_204' title='bbox 1234 2287 1475 2332; x_wconf 88' lang='lat' dir='ltr'><strong>doctrinam</strong></span> 
     </span>
     <span class='ocr_line' id='line_1_28' title="bbox 127 2364 1477 2428; baseline 0.002 -19"><span class='ocrx_word' id='word_1_205' title='bbox 127 2364 315 2426; x_wconf 87' lang='lat' dir='ltr'><strong>aliquam</strong></span> <span class='ocrx_word' id='word_1_206' title='bbox 342 2375 383 2409; x_wconf 90' lang='lat' dir='ltr'><strong>et</strong></span> <span class='ocrx_word' id='word_1_207' title='bbox 408 2366 721 2411; x_wconf 87' lang='lat' dir='ltr'><strong>humanitatem</strong></span> <span class='ocrx_word' id='word_1_208' title='bbox 748 2367 924 2428; x_wconf 85' lang='lat' dir='ltr'><strong>dignam</strong></span> <span class='ocrx_word' id='word_1_209' title='bbox 946 2369 1144 2423; x_wconf 81' lang='lat' dir='ltr'><strong>scientia3</strong></span> <span class='ocrx_word' id='word_1_210' title='bbox 1171 2368 1248 2412; x_wconf 90' lang='lat' dir='ltr'><strong>hos</strong></span> <span class='ocrx_word' id='word_1_211' title='bbox 1274 2384 1374 2412; x_wconf 88' lang='lat' dir='ltr'><strong>vero</strong></span> <span class='ocrx_word' id='word_1_212' title='bbox 1400 2385 1477 2412; x_wconf 91' lang='lat' dir='ltr'><strong>no-</strong></span> 
     </span>
     <span class='ocr_line' id='line_1_29' title="bbox 127 2446 1475 2508; baseline 0.002 -20"><span class='ocrx_word' id='word_1_213' title='bbox 127 2461 203 2488; x_wconf 90' lang='lat' dir='ltr'><strong>vos</strong></span> <span class='ocrx_word' id='word_1_214' title='bbox 238 2447 464 2506; x_wconf 84' lang='lat' dir='ltr'><strong>magistros</strong></span> <span class='ocrx_word' id='word_1_215' title='bbox 498 2446 604 2490; x_wconf 88' lang='lat' dir='ltr'><strong>nihil</strong></span> <span class='ocrx_word' id='word_1_216' title='bbox 628 2447 920 2508; x_wconf 85' lang='lat' dir='ltr'><strong>intelligebam</strong></span> <span class='ocrx_word' id='word_1_217' title='bbox 960 2464 1082 2507; x_wconf 89' lang='lat' dir='ltr'><strong>posse</strong></span> <span class='ocrx_word' id='word_1_218' title='bbox 1111 2448 1284 2504; x_wconf 85' lang='lat' dir='ltr'><strong>docere,</strong></span> <span class='ocrx_word' id='word_1_219' title='bbox 1319 2449 1399 2492; x_wconf 88' lang='lat' dir='ltr'><strong>nisi</strong></span> <span class='ocrx_word' id='word_1_220' title='bbox 1429 2459 1475 2491; x_wconf 93' lang='lat' dir='ltr'><strong>ut</strong></span> 
     </span>
     <span class='ocr_line' id='line_1_30' title="bbox 128 2525 1475 2589; baseline 0.002 -21"><span class='ocrx_word' id='word_1_221' title='bbox 128 2525 360 2570; x_wconf 80' lang='lat' dir='ltr'><strong>auderent:</strong></span> <span class='ocrx_word' id='word_1_222' title='bbox 390 2527 505 2586; x_wconf 86' lang='lat' dir='ltr'><strong>quod</strong></span> <span class='ocrx_word' id='word_1_223' title='bbox 528 2529 656 2571; x_wconf 88' lang='lat' dir='ltr'><strong>etiam</strong></span> <span class='ocrx_word' id='word_1_224' title='bbox 679 2545 774 2572; x_wconf 91' lang='lat' dir='ltr'><strong>cum</strong></span> <span class='ocrx_word' id='word_1_225' title='bbox 789 2528 912 2571; x_wconf 91' lang='lat' dir='ltr'><strong>bonis</strong></span> <span class='ocrx_word' id='word_1_226' title='bbox 929 2529 1056 2572; x_wconf 89' lang='lat' dir='ltr'><strong>rebus</strong></span> <span class='ocrx_word' id='word_1_227' title='bbox 1079 2529 1374 2589; x_wconf 87' lang='lat' dir='ltr'><strong>conjunctum,</strong></span> <span class='ocrx_word' id='word_1_228' title='bbox 1402 2544 1475 2587; x_wconf 79' lang='lat' dir='ltr'><strong>pei·</strong></span> 
     </span>
    </p>
   </div>
   <div class='ocr_carea' id='block_1_3' title="bbox 129 2607 1473 2670">
    <p class='ocr_par' dir='ltr' id='par_1_6' title="bbox 129 2607 1473 2670">
     <span class='ocr_line' id='line_1_31' title="bbox 129 2607 1473 2670; baseline 0.003 -23"><span class='ocrx_word' id='word_1_229' title='bbox 129 2621 170 2648; x_wconf 84' lang='lat' dir='ltr'><strong>se</strong></span> <span class='ocrx_word' id='word_1_230' title='bbox 207 2607 347 2666; x_wconf 85' lang='lat' dir='ltr'><strong>ipsum</strong></span> <span class='ocrx_word' id='word_1_231' title='bbox 377 2617 440 2650; x_wconf 90' lang='lat' dir='ltr'><strong>est</strong></span> <span class='ocrx_word' id='word_1_232' title='bbox 466 2624 726 2670; x_wconf 82' lang='lat' dir='ltr'><strong>magnopere</strong></span> <span class='ocrx_word' id='word_1_233' title='bbox 760 2608 1025 2669; x_wconf 85' lang='lat' dir='ltr'><strong>fugiendum.</strong></span> <span class='ocrx_word' id='word_1_234' title='bbox 1060 2611 1151 2653; x_wconf 88' lang='lat' dir='ltr'><strong>Hoc</strong></span> <span class='ocrx_word' id='word_1_235' title='bbox 1177 2624 1308 2668; x_wconf 86' lang='lat' dir='ltr'><strong>quum</strong></span> <span class='ocrx_word' id='word_1_236' title='bbox 1340 2625 1473 2652; x_wconf 90' lang='lat' dir='ltr'><strong>unum</strong></span> 
     </span>
    </p>
   </div>
  </div>
 </body>
</html>
