<?xml version="1.0" encoding="UTF-8"?>
<!DOCTYPE html PUBLIC "-//W3C//DTD XHTML 1.0 Transitional//EN"
    "http://www.w3.org/TR/xhtml1/DTD/xhtml1-transitional.dtd">
<html xmlns="http://www.w3.org/1999/xhtml" xml:lang="en" lang="en">
 <head>
  <title>
</title>
<meta http-equiv="Content-Type" content="text/html;charset=utf-8" />
  <meta name='ocr-system' content='tesseract 3.04.00' />
  <meta name='ocr-capabilities' content='ocr_page ocr_carea ocr_par ocr_line ocrx_word'/>
</head>
<body>
  <div class='ocr_page' id='page_1' title='image "./deoratorelibritr00ciceuoft_0143.png"; bbox 0 0 1843 3166; ppageno 0'>
   <div class='ocr_carea' id='block_1_1' title="bbox 796 189 1590 233">
    <p class='ocr_par' dir='ltr' id='par_1_1' title="bbox 796 189 1590 233">
     <span class='ocr_line' id='line_1_1' title="bbox 796 189 1590 233; baseline -0.008 -9"><span class='ocrx_word' id='word_1_1' title='bbox 796 189 941 224; x_wconf 81' lang='lat' dir='ltr'><strong>LIBER</strong></span> <span class='ocrx_word' id='word_1_2' title='bbox 971 189 1018 223; x_wconf 91' lang='lat'>11.</span> <span class='ocrx_word' id='word_1_3' title='bbox 1525 197 1590 233; x_wconf 63' lang='lat'>,31</span> 
     </span>
    </p>
   </div>
   <div class='ocr_carea' id='block_1_2' title="bbox 217 272 1596 2594">
    <p class='ocr_par' dir='ltr' id='par_1_2' title="bbox 223 272 1594 644">
     <span class='ocr_line' id='line_1_2' title="bbox 226 272 1593 342; baseline 0.009 -28"><span class='ocrx_word' id='word_1_4' title='bbox 226 272 275 314; x_wconf 84' lang='lat' dir='ltr'>L.</span> <span class='ocrx_word' id='word_1_5' title='bbox 306 272 448 316; x_wconf 84' lang='lat' dir='ltr'>Crassi</span> <span class='ocrx_word' id='word_1_6' title='bbox 464 273 648 328; x_wconf 81' lang='lat' dir='ltr'>carebit,</span> <span class='ocrx_word' id='word_1_7' title='bbox 673 282 934 316; x_wconf 84' lang='lat' dir='ltr'>ornamento</span> <span class='ocrx_word' id='word_1_8' title='bbox 953 273 1142 333; x_wconf 86' lang='lat' dir='ltr'>quodam</span> <span class='ocrx_word' id='word_1_9' title='bbox 1166 292 1257 319; x_wconf 85' lang='lat' dir='ltr'>sose</span> <span class='ocrx_word' id='word_1_10' title='bbox 1273 277 1497 336; x_wconf 85' lang='lat' dir='ltr'>spoliatam</span> <span class='ocrx_word' id='word_1_11' title='bbox 1514 298 1593 342; x_wconf 85' lang='lat' dir='ltr'>pu-</span> 
     </span>
     <span class='ocr_line' id='line_1_3' title="bbox 228 351 1594 413; baseline 0.007 -18"><span class='ocrx_word' id='word_1_12' title='bbox 228 352 347 396; x_wconf 82' lang='lat' dir='ltr'>tabit.</span> <span class='ocrx_word' id='word_1_13' title='bbox 361 354 541 397; x_wconf 83' lang='lat' dir='ltr'>—Nam</span> <span class='ocrx_word' id='word_1_14' title='bbox 556 351 728 409; x_wconf 87' lang='lat' dir='ltr'>hercle,</span> <span class='ocrx_word' id='word_1_15' title='bbox 754 353 897 413; x_wconf 91' lang='lat' dir='ltr'>inquit</span> <span class='ocrx_word' id='word_1_16' title='bbox 922 355 1164 411; x_wconf 90' lang='lat' dir='ltr'>Antonius,</span> <span class='ocrx_word' id='word_1_17' title='bbox 1186 356 1220 399; x_wconf 93' lang='lat' dir='ltr'>si</span> <span class='ocrx_word' id='word_1_18' title='bbox 1239 356 1328 401; x_wconf 79' lang='lat' dir='ltr'>haec</span> <span class='ocrx_word' id='word_1_19' title='bbox 1347 374 1446 403; x_wconf 85' lang='lat' dir='ltr'>vere</span> <span class='ocrx_word' id='word_1_20' title='bbox 1473 377 1496 404; x_wconf 91' lang='lat' dir='ltr'>a</span> <span class='ocrx_word' id='word_1_21' title='bbox 1511 363 1594 405; x_wconf 84' lang='lat' dir='ltr'>Ca-</span> 
     </span>
     <span class='ocr_line' id='line_1_4' title="bbox 225 433 1593 496; baseline 0.005 -19"><span class='ocrx_word' id='word_1_22' title='bbox 225 433 317 478; x_wconf 90' lang='lat' dir='ltr'>tulo</span> <span class='ocrx_word' id='word_1_23' title='bbox 331 434 446 478; x_wconf 90' lang='lat' dir='ltr'>dicta</span> <span class='ocrx_word' id='word_1_24' title='bbox 461 442 589 488; x_wconf 89' lang='lat' dir='ltr'>sunt,</span> <span class='ocrx_word' id='word_1_25' title='bbox 608 433 686 477; x_wconf 86' lang='lat' dir='ltr'>tibi</span> <span class='ocrx_word' id='word_1_26' title='bbox 702 450 871 477; x_wconf 90' lang='lat' dir='ltr'>mecum</span> <span class='ocrx_word' id='word_1_27' title='bbox 888 435 932 478; x_wconf 91' lang='lat' dir='ltr'>in</span> <span class='ocrx_word' id='word_1_28' title='bbox 952 435 1105 479; x_wconf 92' lang='lat' dir='ltr'>eodem</span> <span class='ocrx_word' id='word_1_29' title='bbox 1120 445 1184 479; x_wconf 90' lang='lat' dir='ltr'>est</span> <span class='ocrx_word' id='word_1_30' title='bbox 1198 437 1404 496; x_wconf 88' lang='lat' dir='ltr'>pistrin0,</span> <span class='ocrx_word' id='word_1_31' title='bbox 1422 442 1593 495; x_wconf 85' lang='lat' dir='ltr'>Crasse,</span> 
     </span>
     <span class='ocr_line' id='line_1_5' title="bbox 224 513 1593 579; baseline 0.004 -22"><span class='ocrx_word' id='word_1_32' title='bbox 224 513 484 570; x_wconf 87' lang='lat' dir='ltr'>vivendum;</span> <span class='ocrx_word' id='word_1_33' title='bbox 516 523 558 557; x_wconf 89' lang='lat' dir='ltr'>et</span> <span class='ocrx_word' id='word_1_34' title='bbox 585 515 712 557; x_wconf 90' lang='lat' dir='ltr'>istam</span> <span class='ocrx_word' id='word_1_35' title='bbox 737 515 996 559; x_wconf 87' lang='lat' dir='ltr'><strong>oscitantem</strong></span> <span class='ocrx_word' id='word_1_36' title='bbox 1021 525 1063 559; x_wconf 91' lang='lat' dir='ltr'>et</span> <span class='ocrx_word' id='word_1_37' title='bbox 1087 515 1400 561; x_wconf 84' lang='lat' dir='ltr'>dormitantem</span> <span class='ocrx_word' id='word_1_38' title='bbox 1427 521 1593 579; x_wconf 88' lang='lat' dir='ltr'>sapien-</span> 
     </span>
     <span class='ocr_line' id='line_1_6' title="bbox 223 592 1594 644; baseline 0.004 -6"><span class='ocrx_word' id='word_1_39' title='bbox 223 596 324 639; x_wconf 89' lang='lat' dir='ltr'><strong>tiam</strong></span> <span class='ocrx_word' id='word_1_40' title='bbox 339 592 629 640; x_wconf 86' lang='lat' dir='ltr'>Scaevolarum</span> <span class='ocrx_word' id='word_1_41' title='bbox 639 604 681 638; x_wconf 91' lang='lat' dir='ltr'>et</span> <span class='ocrx_word' id='word_1_42' title='bbox 692 605 935 639; x_wconf 88' lang='lat' dir='ltr'>ceterorum</span> <span class='ocrx_word' id='word_1_43' title='bbox 952 595 1181 640; x_wconf 89' lang='lat' dir='ltr'>beatorum</span> <span class='ocrx_word' id='word_1_44' title='bbox 1193 598 1282 641; x_wconf 89' lang='lat' dir='ltr'>otio</span> <span class='ocrx_word' id='word_1_45' title='bbox 1292 598 1594 644; x_wconf 84' lang='lat' dir='ltr'>concedamus.</span> 
     </span>
    </p>

    <p class='ocr_par' dir='ltr' id='par_1_3' title="bbox 217 674 1596 961">
     <span class='ocr_line' id='line_1_7' title="bbox 283 674 1595 740; baseline 0.003 -21"><span class='ocrx_word' id='word_1_46' title='bbox 283 675 511 720; x_wconf 78' lang='lat' dir='ltr'>—Arrisit</span> <span class='ocrx_word' id='word_1_47' title='bbox 523 675 594 719; x_wconf 89' lang='lat' dir='ltr'>hic</span> <span class='ocrx_word' id='word_1_48' title='bbox 602 676 784 720; x_wconf 89' lang='lat' dir='ltr'>Crassus</span> <span class='ocrx_word' id='word_1_49' title='bbox 801 674 969 733; x_wconf 88' lang='lat' dir='ltr'>leniter,</span> <span class='ocrx_word' id='word_1_50' title='bbox 983 685 1044 732; x_wconf 87' lang='lat' dir='ltr'>et,</span> <span class='ocrx_word' id='word_1_51' title='bbox 1062 679 1242 722; x_wconf 85' lang='lat' dir='ltr'>Pertexe</span> <span class='ocrx_word' id='word_1_52' title='bbox 1257 677 1407 736; x_wconf 93' lang='lat' dir='ltr'>modo,</span> <span class='ocrx_word' id='word_1_53' title='bbox 1425 680 1569 740; x_wconf 88' lang='lat' dir='ltr'>inquit</span> <span class='ocrx_word' id='word_1_54' title='bbox 1585 715 1595 736; x_wconf 91' lang='lat'>,</span> 
     </span>
     <span class='ocr_line' id='line_1_8' title="bbox 222 755 1596 821; baseline 0.004 -21"><span class='ocrx_word' id='word_1_55' title='bbox 222 757 409 813; x_wconf 83' lang='lat' dir='ltr'>Antoni,</span> <span class='ocrx_word' id='word_1_56' title='bbox 437 755 555 817; x_wconf 92' lang='lat' dir='ltr'>quod</span> <span class='ocrx_word' id='word_1_57' title='bbox 570 774 748 802; x_wconf 86' lang='lat' dir='ltr'>exorsus</span> <span class='ocrx_word' id='word_1_58' title='bbox 767 773 811 802; x_wconf 92' lang='lat' dir='ltr'>es</span> <span class='ocrx_word' id='word_1_59' title='bbox 831 775 841 801; x_wconf 76' lang='grc' dir='ltr'>ε</span> <span class='ocrx_word' id='word_1_60' title='bbox 868 775 937 802; x_wconf 91' lang='lat' dir='ltr'>me</span> <span class='ocrx_word' id='word_1_61' title='bbox 950 769 1093 803; x_wconf 79' lang='lat' dir='ltr'>tamen</span> <span class='ocrx_word' id='word_1_62' title='bbox 1110 760 1191 804; x_wconf 89' lang='lat' dir='ltr'>ista</span> <span class='ocrx_word' id='word_1_63' title='bbox 1214 761 1402 805; x_wconf 91' lang='lat' dir='ltr'>oscitans</span> <span class='ocrx_word' id='word_1_64' title='bbox 1424 761 1596 821; x_wconf 86' lang='lat' dir='ltr'>sapien-</span> 
     </span>
     <span class='ocr_line' id='line_1_9' title="bbox 224 836 1595 900; baseline 0.004 -20"><span class='ocrx_word' id='word_1_65' title='bbox 224 837 303 892; x_wconf 90' lang='lat' dir='ltr'>tia,</span> <span class='ocrx_word' id='word_1_66' title='bbox 329 836 458 881; x_wconf 87' lang='lat' dir='ltr'>simul</span> <span class='ocrx_word' id='word_1_67' title='bbox 479 847 609 898; x_wconf 87' lang='lat' dir='ltr'>atque</span> <span class='ocrx_word' id='word_1_68' title='bbox 629 838 683 881; x_wconf 91' lang='lat' dir='ltr'>ad</span> <span class='ocrx_word' id='word_1_69' title='bbox 707 855 801 882; x_wconf 89' lang='lat' dir='ltr'>eam</span> <span class='ocrx_word' id='word_1_70' title='bbox 826 839 1092 900; x_wconf 82' lang='lat' dir='ltr'><strong>confugero,</strong></span> <span class='ocrx_word' id='word_1_71' title='bbox 1116 841 1160 883; x_wconf 91' lang='lat' dir='ltr'>in</span> <span class='ocrx_word' id='word_1_72' title='bbox 1184 840 1427 885; x_wconf 85' lang='lat' dir='ltr'>libertatem</span> <span class='ocrx_word' id='word_1_73' title='bbox 1452 842 1595 885; x_wconf 86' lang='lat' dir='ltr'>vindi-</span> 
     </span>
     <span class='ocr_line' id='line_1_10' title="bbox 217 917 346 961; baseline 0 0"><span class='ocrx_word' id='word_1_74' title='bbox 217 917 346 961; x_wconf 89' lang='lat' dir='ltr'>cabit.</span> 
     </span>
    </p>

    <p class='ocr_par' dir='ltr' id='par_1_4' title="bbox 220 1001 1596 1770">
     <span class='ocr_line' id='line_1_11' title="bbox 284 1001 1596 1063; baseline 0.005 -20"><span class='ocrx_word' id='word_1_75' title='bbox 284 1001 492 1044; x_wconf 90' lang='lat' dir='ltr'><strong>XXXIV.</strong></span> <span class='ocrx_word' id='word_1_76' title='bbox 512 1028 576 1033; x_wconf 90' lang='lat'>—</span> <span class='ocrx_word' id='word_1_77' title='bbox 592 1004 731 1062; x_wconf 88' lang='lat' dir='ltr'>Hujus</span> <span class='ocrx_word' id='word_1_78' title='bbox 749 1001 922 1062; x_wconf 90' lang='lat' dir='ltr'>quidem</span> <span class='ocrx_word' id='word_1_79' title='bbox 939 1001 1022 1046; x_wconf 93' lang='lat' dir='ltr'>loci</span> <span class='ocrx_word' id='word_1_80' title='bbox 1035 1037 1046 1059; x_wconf 94' lang='lat'>,</span> <span class='ocrx_word' id='word_1_81' title='bbox 1068 1019 1195 1063; x_wconf 90' lang='lat' dir='ltr'>quem</span> <span class='ocrx_word' id='word_1_82' title='bbox 1213 1002 1344 1048; x_wconf 90' lang='lat' dir='ltr'>modo</span> <span class='ocrx_word' id='word_1_83' title='bbox 1361 1020 1455 1047; x_wconf 91' lang='lat' dir='ltr'>sum</span> <span class='ocrx_word' id='word_1_84' title='bbox 1472 1021 1596 1049; x_wconf 86' lang='lat' dir='ltr'>exor-</span> 
     </span>
     <span class='ocr_line' id='line_1_12' title="bbox 222 1080 1594 1146; baseline 0.004 -22"><span class='ocrx_word' id='word_1_85' title='bbox 222 1096 317 1137; x_wconf 90' lang='lat' dir='ltr'>sus,</span> <span class='ocrx_word' id='word_1_86' title='bbox 343 1081 414 1125; x_wconf 91' lang='lat' dir='ltr'>hic</span> <span class='ocrx_word' id='word_1_87' title='bbox 433 1090 498 1125; x_wconf 90' lang='lat' dir='ltr'>est</span> <span class='ocrx_word' id='word_1_88' title='bbox 519 1080 638 1138; x_wconf 83' lang='lat' dir='ltr'>finis,</span> <span class='ocrx_word' id='word_1_89' title='bbox 662 1083 1034 1142; x_wconf 86' lang='lat' dir='ltr'>inquitAntonius</span> <span class='ocrx_word' id='word_1_90' title='bbox 1054 1101 1063 1126; x_wconf 95' lang='lat'>:</span> <span class='ocrx_word' id='word_1_91' title='bbox 1088 1084 1295 1144; x_wconf 88' lang='lat' dir='ltr'>quoniam</span> <span class='ocrx_word' id='word_1_92' title='bbox 1321 1083 1594 1146; x_wconf 85' lang='lat' dir='ltr'>intelligitur,</span> 
     </span>
     <span class='ocr_line' id='line_1_13' title="bbox 222 1161 1594 1224; baseline 0.003 -20"><span class='ocrx_word' id='word_1_93' title='bbox 222 1177 310 1205; x_wconf 88' lang='lat' dir='ltr'>non</span> <span class='ocrx_word' id='word_1_94' title='bbox 336 1161 380 1204; x_wconf 93' lang='lat' dir='ltr'>in</span> <span class='ocrx_word' id='word_1_95' title='bbox 406 1161 635 1206; x_wconf 91' lang='lat' dir='ltr'>hominum</span> <span class='ocrx_word' id='word_1_96' title='bbox 660 1162 1052 1207; x_wconf 87' lang='lat' dir='ltr'>innumerabilibus</span> <span class='ocrx_word' id='word_1_97' title='bbox 1066 1165 1288 1224; x_wconf 87' lang='lat' dir='ltr'>personis,</span> <span class='ocrx_word' id='word_1_98' title='bbox 1313 1181 1452 1224; x_wconf 92' lang='lat' dir='ltr'>neque</span> <span class='ocrx_word' id='word_1_99' title='bbox 1471 1167 1515 1208; x_wconf 91' lang='lat' dir='ltr'>in</span> <span class='ocrx_word' id='word_1_100' title='bbox 1528 1166 1594 1208; x_wconf 92' lang='lat' dir='ltr'>in-</span> 
     </span>
     <span class='ocr_line' id='line_1_14' title="bbox 224 1240 1595 1305; baseline 0.004 -21"><span class='ocrx_word' id='word_1_101' title='bbox 224 1240 347 1285; x_wconf 87' lang='lat' dir='ltr'>finita</span> <span class='ocrx_word' id='word_1_102' title='bbox 372 1251 619 1302; x_wconf 87' lang='lat' dir='ltr'>temporum</span> <span class='ocrx_word' id='word_1_103' title='bbox 645 1243 872 1299; x_wconf 87' lang='lat' dir='ltr'>varietate,</span> <span class='ocrx_word' id='word_1_104' title='bbox 901 1243 977 1287; x_wconf 89' lang='lat' dir='ltr'>sed</span> <span class='ocrx_word' id='word_1_105' title='bbox 1004 1245 1047 1287; x_wconf 93' lang='lat' dir='ltr'>in</span> <span class='ocrx_word' id='word_1_106' title='bbox 1076 1261 1284 1304; x_wconf 81' lang='lat' dir='ltr'>generum</span> <span class='ocrx_word' id='word_1_107' title='bbox 1308 1246 1447 1289; x_wconf 85' lang='lat' dir='ltr'>causis</span> <span class='ocrx_word' id='word_1_108' title='bbox 1466 1255 1595 1305; x_wconf 80' lang='lat' dir='ltr'>atquc</span> 
     </span>
     <span class='ocr_line' id='line_1_15' title="bbox 223 1323 1595 1386; baseline 0.002 -20"><span class='ocrx_word' id='word_1_109' title='bbox 223 1323 388 1366; x_wconf 87' lang='lat' dir='ltr'>naturis</span> <span class='ocrx_word' id='word_1_110' title='bbox 404 1323 551 1366; x_wconf 87' lang='lat' dir='ltr'>omnia</span> <span class='ocrx_word' id='word_1_111' title='bbox 566 1324 643 1367; x_wconf 86' lang='lat' dir='ltr'>sita</span> <span class='ocrx_word' id='word_1_112' title='bbox 659 1339 769 1379; x_wconf 89' lang='lat' dir='ltr'>esse,</span> <span class='ocrx_word' id='word_1_113' title='bbox 786 1340 882 1383; x_wconf 87' lang='lat' dir='ltr'>quae</span> <span class='ocrx_word' id='word_1_114' title='bbox 893 1325 938 1367; x_wconf 92' lang='lat' dir='ltr'>in</span> <span class='ocrx_word' id='word_1_115' title='bbox 953 1323 1403 1368; x_wconf 88' lang='lat' dir='ltr'>dubiumvocarentur</span> <span class='ocrx_word' id='word_1_116' title='bbox 1414 1342 1425 1381; x_wconf 81' lang='lat'>3</span> <span class='ocrx_word' id='word_1_117' title='bbox 1438 1342 1595 1386; x_wconf 83' lang='lat' dir='ltr'>genera</span> 
     </span>
     <span class='ocr_line' id='line_1_16' title="bbox 221 1401 1595 1465; baseline 0.001 -20"><span class='ocrx_word' id='word_1_118' title='bbox 221 1411 366 1446; x_wconf 85' lang='lat' dir='ltr'>autem</span> <span class='ocrx_word' id='word_1_119' title='bbox 387 1418 478 1446; x_wconf 92' lang='lat' dir='ltr'>esse</span> <span class='ocrx_word' id='word_1_120' title='bbox 504 1401 702 1459; x_wconf 84' lang='lat' dir='ltr'>definita,</span> <span class='ocrx_word' id='word_1_121' title='bbox 731 1419 820 1445; x_wconf 93' lang='lat' dir='ltr'>non</span> <span class='ocrx_word' id='word_1_122' title='bbox 846 1401 985 1446; x_wconf 90' lang='lat' dir='ltr'>solum</span> <span class='ocrx_word' id='word_1_123' title='bbox 1014 1420 1219 1458; x_wconf 89' lang='lat' dir='ltr'>numero,</span> <span class='ocrx_word' id='word_1_124' title='bbox 1242 1403 1316 1447; x_wconf 89' lang='lat' dir='ltr'>sed</span> <span class='ocrx_word' id='word_1_125' title='bbox 1335 1405 1466 1447; x_wconf 88' lang='lat' dir='ltr'>etiam</span> <span class='ocrx_word' id='word_1_126' title='bbox 1486 1420 1595 1465; x_wconf 89' lang='lat' dir='ltr'>pau-</span> 
     </span>
     <span class='ocr_line' id='line_1_17' title="bbox 221 1484 1596 1544; baseline 0.001 -17"><span class='ocrx_word' id='word_1_127' title='bbox 221 1484 351 1528; x_wconf 87' lang='lat' dir='ltr'>citate</span> <span class='ocrx_word' id='word_1_128' title='bbox 377 1501 386 1527; x_wconf 88' lang='lat'>:</span> <span class='ocrx_word' id='word_1_129' title='bbox 414 1493 463 1528; x_wconf 89' lang='lat' dir='ltr'>ut</span> <span class='ocrx_word' id='word_1_130' title='bbox 493 1500 587 1528; x_wconf 88' lang='lat' dir='ltr'>eam</span> <span class='ocrx_word' id='word_1_131' title='bbox 616 1485 841 1528; x_wconf 82' lang='lat' dir='ltr'>materiem</span> <span class='ocrx_word' id='word_1_132' title='bbox 867 1485 1103 1540; x_wconf 86' lang='lat' dir='ltr'>orationis,</span> <span class='ocrx_word' id='word_1_133' title='bbox 1130 1501 1224 1544; x_wconf 85' lang='lat' dir='ltr'>quae</span> <span class='ocrx_word' id='word_1_134' title='bbox 1252 1484 1460 1544; x_wconf 87' lang='lat' dir='ltr'>cujusque</span> <span class='ocrx_word' id='word_1_135' title='bbox 1487 1495 1596 1528; x_wconf 85' lang='lat' dir='ltr'>esset</span> 
     </span>
     <span class='ocr_line' id='line_1_18' title="bbox 220 1564 1595 1625; baseline 0 -17"><span class='ocrx_word' id='word_1_136' title='bbox 220 1564 412 1625; x_wconf 84' lang='lat' dir='ltr'>generis,</span> <span class='ocrx_word' id='word_1_137' title='bbox 442 1564 626 1608; x_wconf 85' lang='lat' dir='ltr'>studiosi</span> <span class='ocrx_word' id='word_1_138' title='bbox 649 1566 724 1624; x_wconf 90' lang='lat' dir='ltr'>qui</span> <span class='ocrx_word' id='word_1_139' title='bbox 755 1574 897 1608; x_wconf 90' lang='lat' dir='ltr'>essent</span> <span class='ocrx_word' id='word_1_140' title='bbox 923 1564 1120 1620; x_wconf 91' lang='lat' dir='ltr'>dicendi,</span> <span class='ocrx_word' id='word_1_141' title='bbox 1148 1565 1351 1608; x_wconf 91' lang='lat' dir='ltr'>omnibus</span> <span class='ocrx_word' id='word_1_142' title='bbox 1383 1564 1489 1608; x_wconf 90' lang='lat' dir='ltr'>locis</span> <span class='ocrx_word' id='word_1_143' title='bbox 1520 1565 1595 1608; x_wconf 89' lang='lat' dir='ltr'>de-</span> 
     </span>
     <span class='ocr_line' id='line_1_19' title="bbox 220 1644 1592 1706; baseline 0 -17"><span class='ocrx_word' id='word_1_144' title='bbox 220 1645 426 1706; x_wconf 85' lang='lat' dir='ltr'>scriptam</span> <span class='ocrx_word' id='word_1_145' title='bbox 441 1681 452 1700; x_wconf 85' lang='lat'>,</span> <span class='ocrx_word' id='word_1_146' title='bbox 470 1646 724 1690; x_wconf 85' lang='lat' dir='ltr'>instructam</span> <span class='ocrx_word' id='word_1_147' title='bbox 737 1679 748 1701; x_wconf 87' lang='lat'>,</span> <span class='ocrx_word' id='word_1_148' title='bbox 764 1655 1050 1705; x_wconf 89' lang='lat' dir='ltr'>ornatamque</span> <span class='ocrx_word' id='word_1_149' title='bbox 1065 1644 1483 1705; x_wconf 88' lang='lat' dir='ltr'>comprehenderent</span> <span class='ocrx_word' id='word_1_150' title='bbox 1498 1679 1509 1701; x_wconf 90' lang='lat'>,</span> <span class='ocrx_word' id='word_1_151' title='bbox 1524 1662 1592 1689; x_wconf 92' lang='lat' dir='ltr'>re-</span> 
     </span>
     <span class='ocr_line' id='line_1_20' title="bbox 221 1725 754 1770; baseline -0.004 0"><span class='ocrx_word' id='word_1_152' title='bbox 221 1726 301 1770; x_wconf 88' lang='lat' dir='ltr'>bus</span> <span class='ocrx_word' id='word_1_153' title='bbox 325 1725 422 1770; x_wconf 89' lang='lat' dir='ltr'>dico</span> <span class='ocrx_word' id='word_1_154' title='bbox 449 1736 492 1769; x_wconf 90' lang='lat' dir='ltr'>et</span> <span class='ocrx_word' id='word_1_155' title='bbox 518 1726 754 1770; x_wconf 88' lang='lat' dir='ltr'>sententiis.</span> 
     </span>
    </p>

    <p class='ocr_par' dir='ltr' id='par_1_5' title="bbox 223 1806 1596 2594">
     <span class='ocr_line' id='line_1_21' title="bbox 285 1806 1589 1868; baseline -0.003 -16"><span class='ocrx_word' id='word_1_156' title='bbox 285 1810 356 1852; x_wconf 85' lang='lat' dir='ltr'>Eae</span> <span class='ocrx_word' id='word_1_157' title='bbox 375 1809 417 1851; x_wconf 90' lang='lat' dir='ltr'>vi</span> <span class='ocrx_word' id='word_1_158' title='bbox 431 1824 507 1851; x_wconf 88' lang='lat' dir='ltr'>sua</span> <span class='ocrx_word' id='word_1_159' title='bbox 523 1808 652 1853; x_wconf 85' lang='lat' dir='ltr'>verba</span> <span class='ocrx_word' id='word_1_160' title='bbox 664 1808 857 1868; x_wconf 86' lang='lat' dir='ltr'>parient,</span> <span class='ocrx_word' id='word_1_161' title='bbox 884 1824 978 1867; x_wconf 87' lang='lat' dir='ltr'>quae</span> <span class='ocrx_word' id='word_1_162' title='bbox 998 1823 1167 1867; x_wconf 84' lang='lat' dir='ltr'>semper</span> <span class='ocrx_word' id='word_1_163' title='bbox 1188 1807 1289 1850; x_wconf 89' lang='lat' dir='ltr'>satis</span> <span class='ocrx_word' id='word_1_164' title='bbox 1309 1816 1465 1849; x_wconf 89' lang='lat' dir='ltr'>ornata</span> <span class='ocrx_word' id='word_1_165' title='bbox 1482 1806 1589 1849; x_wconf 85' lang='lat' dir='ltr'>mihi</span> 
     </span>
     <span class='ocr_line' id='line_1_22' title="bbox 224 1886 1592 1948; baseline -0.002 -17"><span class='ocrx_word' id='word_1_166' title='bbox 224 1887 400 1948; x_wconf 90' lang='lat' dir='ltr'>quidem</span> <span class='ocrx_word' id='word_1_167' title='bbox 429 1888 568 1931; x_wconf 88' lang='lat' dir='ltr'>videri</span> <span class='ocrx_word' id='word_1_168' title='bbox 597 1887 763 1941; x_wconf 81' lang='lat' dir='ltr'>solent,</span> <span class='ocrx_word' id='word_1_169' title='bbox 792 1888 826 1931; x_wconf 86' lang='lat' dir='ltr'>si</span> <span class='ocrx_word' id='word_1_170' title='bbox 852 1886 1064 1947; x_wconf 89' lang='lat' dir='ltr'>ejusmodi</span> <span class='ocrx_word' id='word_1_171' title='bbox 1095 1897 1217 1943; x_wconf 90' lang='lat' dir='ltr'>sunt,</span> <span class='ocrx_word' id='word_1_172' title='bbox 1247 1896 1296 1930; x_wconf 91' lang='lat' dir='ltr'>ut</span> <span class='ocrx_word' id='word_1_173' title='bbox 1326 1903 1373 1930; x_wconf 89' lang='lat' dir='ltr'>ea</span> <span class='ocrx_word' id='word_1_174' title='bbox 1408 1902 1477 1929; x_wconf 86' lang='lat' dir='ltr'>res</span> <span class='ocrx_word' id='word_1_175' title='bbox 1503 1886 1592 1945; x_wconf 86' lang='lat' dir='ltr'>ipsa</span> 
     </span>
     <span class='ocr_line' id='line_1_23' title="bbox 223 1966 1592 2030; baseline -0.004 -18"><span class='ocrx_word' id='word_1_176' title='bbox 223 1969 440 2030; x_wconf 90' lang='lat' dir='ltr'>peperisse</span> <span class='ocrx_word' id='word_1_177' title='bbox 453 1968 663 2013; x_wconf 86' lang='lat' dir='ltr'>videatur.</span> <span class='ocrx_word' id='word_1_178' title='bbox 682 1971 763 2024; x_wconf 88' lang='lat' dir='ltr'>Ac,</span> <span class='ocrx_word' id='word_1_179' title='bbox 783 1968 815 2011; x_wconf 90' lang='lat' dir='ltr'>si</span> <span class='ocrx_word' id='word_1_180' title='bbox 832 1985 980 2012; x_wconf 87' lang='lat' dir='ltr'>verum</span> <span class='ocrx_word' id='word_1_181' title='bbox 1002 1968 1192 2028; x_wconf 75' lang='lat' dir='ltr'>quaeritis</span> <span class='ocrx_word' id='word_1_182' title='bbox 1210 2002 1220 2024; x_wconf 95' lang='lat'>,</span> <span class='ocrx_word' id='word_1_183' title='bbox 1238 1966 1355 2027; x_wconf 90' lang='lat' dir='ltr'>quod</span> <span class='ocrx_word' id='word_1_184' title='bbox 1374 1966 1479 2009; x_wconf 90' lang='lat' dir='ltr'>mihi</span> <span class='ocrx_word' id='word_1_185' title='bbox 1494 1966 1592 2025; x_wconf 92' lang='lat' dir='ltr'>qui-</span> 
     </span>
     <span class='ocr_line' id='line_1_24' title="bbox 228 2046 1593 2110; baseline -0.004 -17"><span class='ocrx_word' id='word_1_186' title='bbox 228 2049 328 2093; x_wconf 89' lang='lat' dir='ltr'>dem</span> <span class='ocrx_word' id='word_1_187' title='bbox 351 2050 549 2093; x_wconf 87' lang='lat' dir='ltr'>videatur</span> <span class='ocrx_word' id='word_1_188' title='bbox 573 2048 710 2110; x_wconf 79' lang='lat' dir='ltr'>(nihil</span> <span class='ocrx_word' id='word_1_189' title='bbox 740 2050 854 2092; x_wconf 89' lang='lat' dir='ltr'>enim</span> <span class='ocrx_word' id='word_1_190' title='bbox 887 2047 1005 2092; x_wconf 89' lang='lat' dir='ltr'>aliud</span> <span class='ocrx_word' id='word_1_191' title='bbox 1037 2047 1253 2091; x_wconf 83' lang='lat' dir='ltr'>affirmare</span> <span class='ocrx_word' id='word_1_192' title='bbox 1285 2063 1483 2107; x_wconf 88' lang='lat' dir='ltr'>possum,</span> <span class='ocrx_word' id='word_1_193' title='bbox 1512 2046 1593 2088; x_wconf 91' lang='lat' dir='ltr'>nisi</span> 
     </span>
     <span class='ocr_line' id='line_1_25' title="bbox 229 2128 1594 2191; baseline -0.004 -17"><span class='ocrx_word' id='word_1_194' title='bbox 229 2131 484 2174; x_wconf 88' lang='lat' dir='ltr'>sententiam</span> <span class='ocrx_word' id='word_1_195' title='bbox 500 2140 542 2174; x_wconf 90' lang='lat' dir='ltr'>et</span> <span class='ocrx_word' id='word_1_196' title='bbox 554 2131 805 2191; x_wconf 90' lang='lat' dir='ltr'>opinionem</span> <span class='ocrx_word' id='word_1_197' title='bbox 818 2128 989 2188; x_wconf 81' lang='lat' dir='ltr'>meam)</span> <span class='ocrx_word' id='word_1_198' title='bbox 1010 2145 1018 2171; x_wconf 92' lang='lat'>:</span> <span class='ocrx_word' id='word_1_199' title='bbox 1040 2128 1125 2172; x_wconf 91' lang='lat' dir='ltr'>hoc</span> <span class='ocrx_word' id='word_1_200' title='bbox 1141 2128 1480 2171; x_wconf 85' lang='lat' dir='ltr'>instrumentum</span> <span class='ocrx_word' id='word_1_201' title='bbox 1499 2142 1594 2169; x_wconf 89' lang='lat' dir='ltr'>cau-</span> 
     </span>
     <span class='ocr_line' id='line_1_26' title="bbox 227 2207 1594 2272; baseline -0.004 -17"><span class='ocrx_word' id='word_1_202' title='bbox 227 2227 372 2254; x_wconf 87' lang='lat' dir='ltr'>sarum</span> <span class='ocrx_word' id='word_1_203' title='bbox 385 2221 427 2254; x_wconf 89' lang='lat' dir='ltr'>et</span> <span class='ocrx_word' id='word_1_204' title='bbox 439 2228 646 2272; x_wconf 83' lang='lat' dir='ltr'>generum</span> <span class='ocrx_word' id='word_1_205' title='bbox 662 2211 1020 2255; x_wconf 87' lang='lat' dir='ltr'>universorumin</span> <span class='ocrx_word' id='word_1_206' title='bbox 1033 2209 1176 2252; x_wconf 87' lang='lat' dir='ltr'>forum</span> <span class='ocrx_word' id='word_1_207' title='bbox 1191 2208 1356 2252; x_wconf 87' lang='lat' dir='ltr'>deferre</span> <span class='ocrx_word' id='word_1_208' title='bbox 1372 2207 1594 2261; x_wconf 89' lang='lat' dir='ltr'>debemus,</span> 
     </span>
     <span class='ocr_line' id='line_1_27' title="bbox 227 2286 1596 2352; baseline -0.004 -17"><span class='ocrx_word' id='word_1_209' title='bbox 227 2308 390 2352; x_wconf 86' lang='lat' dir='ltr'>neque,</span> <span class='ocrx_word' id='word_1_210' title='bbox 421 2301 469 2334; x_wconf 93' lang='lat' dir='ltr'>ut</span> <span class='ocrx_word' id='word_1_211' title='bbox 499 2308 678 2352; x_wconf 86' lang='lat' dir='ltr'>quaeque</span> <span class='ocrx_word' id='word_1_212' title='bbox 704 2308 772 2335; x_wconf 93' lang='lat' dir='ltr'>res</span> <span class='ocrx_word' id='word_1_213' title='bbox 802 2290 942 2335; x_wconf 86' lang='lat' dir='ltr'>delata</span> <span class='ocrx_word' id='word_1_214' title='bbox 974 2290 1029 2333; x_wconf 90' lang='lat' dir='ltr'>ad</span> <span class='ocrx_word' id='word_1_215' title='bbox 1054 2306 1131 2333; x_wconf 92' lang='lat' dir='ltr'>nos</span> <span class='ocrx_word' id='word_1_216' title='bbox 1160 2289 1265 2342; x_wconf 88' lang='lat' dir='ltr'>erit,</span> <span class='ocrx_word' id='word_1_217' title='bbox 1289 2297 1382 2332; x_wconf 86' lang='lat' dir='ltr'>tum</span> <span class='ocrx_word' id='word_1_218' title='bbox 1409 2286 1596 2346; x_wconf 88' lang='lat' dir='ltr'>denique</span> 
     </span>
     <span class='ocr_line' id='line_1_28' title="bbox 225 2367 1596 2433; baseline -0.004 -18"><span class='ocrx_word' id='word_1_219' title='bbox 225 2373 408 2417; x_wconf 87' lang='lat' dir='ltr'>scrutari</span> <span class='ocrx_word' id='word_1_220' title='bbox 421 2371 559 2426; x_wconf 87' lang='lat' dir='ltr'>locos,</span> <span class='ocrx_word' id='word_1_221' title='bbox 575 2389 624 2416; x_wconf 83' lang='lat' dir='ltr'>ex</span> <span class='ocrx_word' id='word_1_222' title='bbox 636 2374 793 2433; x_wconf 91' lang='lat' dir='ltr'>quibus</span> <span class='ocrx_word' id='word_1_223' title='bbox 809 2380 1066 2433; x_wconf 85' lang='lat' dir='ltr'>argumenta</span> <span class='ocrx_word' id='word_1_224' title='bbox 1075 2386 1299 2414; x_wconf 85' lang='lat' dir='ltr'>eruamus:</span> <span class='ocrx_word' id='word_1_225' title='bbox 1315 2385 1408 2429; x_wconf 84' lang='lat' dir='ltr'>quae</span> <span class='ocrx_word' id='word_1_226' title='bbox 1422 2367 1596 2427; x_wconf 85' lang='lat' dir='ltr'>quidem</span> 
     </span>
     <span class='ocr_line' id='line_1_29' title="bbox 226 2446 1594 2513; baseline -0.007 -16"><span class='ocrx_word' id='word_1_227' title='bbox 226 2453 426 2497; x_wconf 86' lang='lat' dir='ltr'>omnibus</span> <span class='ocrx_word' id='word_1_228' title='bbox 440 2487 451 2509; x_wconf 93' lang='lat'>,</span> <span class='ocrx_word' id='word_1_229' title='bbox 478 2453 552 2513; x_wconf 88' lang='lat' dir='ltr'>qui</span> <span class='ocrx_word' id='word_1_230' title='bbox 573 2469 622 2496; x_wconf 84' lang='lat' dir='ltr'>ea</span> <span class='ocrx_word' id='word_1_231' title='bbox 643 2453 917 2496; x_wconf 88' lang='lat' dir='ltr'>mediocriter</span> <span class='ocrx_word' id='word_1_232' title='bbox 936 2450 1068 2494; x_wconf 89' lang='lat' dir='ltr'>modo</span> <span class='ocrx_word' id='word_1_233' title='bbox 1091 2449 1427 2504; x_wconf 86' lang='lat' dir='ltr'>considerarint,</span> <span class='ocrx_word' id='word_1_234' title='bbox 1451 2446 1594 2490; x_wconf 89' lang='lat' dir='ltr'>studio</span> 
     </span>
     <span class='ocr_line' id='line_1_30' title="bbox 226 2527 1596 2594; baseline -0.007 -17"><span class='ocrx_word' id='word_1_235' title='bbox 226 2534 421 2577; x_wconf 84' lang='lat' dir='ltr'>adhibito</span> <span class='ocrx_word' id='word_1_236' title='bbox 435 2544 477 2578; x_wconf 89' lang='lat' dir='ltr'>et</span> <span class='ocrx_word' id='word_1_237' title='bbox 496 2550 578 2578; x_wconf 90' lang='lat' dir='ltr'>usu</span> <span class='ocrx_word' id='word_1_238' title='bbox 591 2567 602 2588; x_wconf 90' lang='lat'><strong><em>‚</em></strong></span> <span class='ocrx_word' id='word_1_239' title='bbox 628 2542 892 2594; x_wconf 80' lang='lat' dir='ltr'>pertractata</span> <span class='ocrx_word' id='word_1_240' title='bbox 907 2548 997 2576; x_wconf 89' lang='lat' dir='ltr'>esse</span> <span class='ocrx_word' id='word_1_241' title='bbox 1012 2542 1195 2592; x_wconf 90' lang='lat' dir='ltr'>possunt</span> <span class='ocrx_word' id='word_1_242' title='bbox 1209 2549 1222 2589; x_wconf 81' lang='lat'><em>3</em></span> <span class='ocrx_word' id='word_1_243' title='bbox 1249 2530 1323 2574; x_wconf 90' lang='lat' dir='ltr'>sed</span> <span class='ocrx_word' id='word_1_244' title='bbox 1336 2539 1480 2572; x_wconf 88' lang='lat' dir='ltr'>tamen</span> <span class='ocrx_word' id='word_1_245' title='bbox 1502 2527 1596 2569; x_wconf 85' lang='lat' dir='ltr'>ani-</span> 
     </span>
    </p>
   </div>
   <div class='ocr_carea' id='block_1_3' title="bbox 228 2607 1598 2749">
    <p class='ocr_par' dir='ltr' id='par_1_6' title="bbox 228 2607 1598 2749">
     <span class='ocr_line' id='line_1_31' title="bbox 228 2607 1598 2672; baseline -0.008 -14"><span class='ocrx_word' id='word_1_246' title='bbox 228 2630 323 2657; x_wconf 89' lang='lat' dir='ltr'>mus</span> <span class='ocrx_word' id='word_1_247' title='bbox 343 2614 594 2658; x_wconf 85' lang='lat' dir='ltr'>referendus</span> <span class='ocrx_word' id='word_1_248' title='bbox 607 2623 670 2657; x_wconf 84' lang='lat' dir='ltr'>est</span> <span class='ocrx_word' id='word_1_249' title='bbox 684 2613 737 2656; x_wconf 82' lang='lat' dir='ltr'>ad</span> <span class='ocrx_word' id='word_1_250' title='bbox 750 2629 799 2656; x_wconf 86' lang='lat' dir='ltr'>ea</span> <span class='ocrx_word' id='word_1_251' title='bbox 818 2613 983 2672; x_wconf 86' lang='lat' dir='ltr'>capita,</span> <span class='ocrx_word' id='word_1_252' title='bbox 999 2622 1042 2655; x_wconf 85' lang='lat' dir='ltr'>et</span> <span class='ocrx_word' id='word_1_253' title='bbox 1060 2611 1115 2656; x_wconf 87' lang='lat' dir='ltr'>ad</span> <span class='ocrx_word' id='word_1_254' title='bbox 1129 2611 1247 2667; x_wconf 89' lang='lat' dir='ltr'>illos,</span> <span class='ocrx_word' id='word_1_255' title='bbox 1264 2626 1373 2670; x_wconf 90' lang='lat' dir='ltr'>quos</span> <span class='ocrx_word' id='word_1_256' title='bbox 1386 2607 1598 2667; x_wconf 83' lang='lat' dir='ltr'>saepejam</span> 
     </span>
     <span class='ocr_line' id='line_1_32' title="bbox 1348 2707 1389 2749; baseline 0 0"><span class='ocrx_word' id='word_1_257' title='bbox 1348 2707 1389 2749; x_wconf 67' lang='lat'>{³-</span> 
     </span>
    </p>
   </div>
  </div>
 </body>
</html>
