1843 3166
721 221 866 257 LIBER
898 225 944 259 ΙΙ.
1439 238 1452 259 1
1461 237 1508 272 99

158 319 296 353 torem
317 307 475 368 scripta
503 316 545 350 et
564 306 783 350 Pollucem
820 306 1016 362 fuissent,
1044 306 1170 349 nimis
1195 306 1316 351 illum
1341 307 1511 352 sordide

158 388 368 433 Simonidi
387 387 562 442 dixisse,
586 401 631 429 se
651 385 878 429 dimidium
900 386 991 445 ejus
1014 385 1075 440 ei,
1090 385 1206 444 quod
1230 395 1378 445 pactus
1401 396 1511 430 esset

158 486 238 529 pro
256 468 329 512 illo
348 467 559 522 carmine,
587 465 812 522 daturum3
842 465 1058 524 reliquum
1083 481 1106 508 a
1124 466 1211 508 suis
1236 465 1511 525 Tyndaridis,

160 564 266 607 quos
291 562 409 606 aeque
429 544 669 600 laudasset,
697 553 884 605 peteret,
914 545 949 587 si
970 545 1007 586 ei
1028 543 1262 587 videretur.

221 625 374 670 Paullo
404 634 501 686 post
519 641 608 668 esse
636 624 780 668 ferunt
806 625 1053 668 nuntiatum
1084 623 1318 676 Simonidi,
1345 632 1394 666 ut
1416 638 1515 682 pro-

161 706 299 761 diret3
319 706 497 765 juvenes
524 713 636 748 stare
661 704 715 747 ad
736 705 914 765 januam
942 703 1049 747 duos
1078 701 1306 763 quosdam,
1328 702 1400 762 qui
1418 718 1515 744 eum

162 801 425 845 magnopere
439 794 683 840 evocarent3
706 784 940 827 surrexisse
956 782 1104 839 illum,
1124 782 1337 842 prodisse,
1361 780 1518 824 vidisse

162 866 395 921 neminem3
421 865 504 908 hoc
530 866 702 908 interim
727 865 866 925 spatio
889 862 1092 908 conclave
1117 862 1245 919 illud,
1273 862 1347 905 ubi
1369 860 1518 921 epula-

162 955 281 989 retur
298 947 480 1005 Scopas,
507 944 762 1001 concidisse3
786 961 834 989 ea
848 945 975 988 ruina
991 945 1133 1004 ipsum
1148 958 1400 1003 oppressum
1420 957 1518 985 cum

163 1025 511 1080 suisstinteriisse3
545 1041 652 1084 quos
681 1041 817 1085 quum
849 1025 1031 1068 humare
1067 1022 1225 1067 vellent
1259 1023 1347 1077 sui,
1382 1037 1521 1081 neque

162 1113 336 1164 possent
361 1104 543 1147 obtritos
575 1105 864 1148 internoscere
893 1103 985 1147 ullo
1011 1102 1162 1159 modo,
1192 1100 1432 1146 Simonides
1457 1100 1519 1143 di·

163 1185 276 1227 citur
303 1199 353 1226 ex
378 1199 449 1239 eo,
479 1183 597 1243 quod
621 1184 904 1239 meminisset,
933 1200 1018 1243 quo
1045 1198 1195 1226 eorum
1221 1180 1315 1225 loco
1340 1181 1521 1240 quisque

163 1262 400 1317 cubuisset,
423 1262 745 1307 demonstrator
766 1263 1106 1322 uniuscujusque
1127 1259 1357 1322 sepeliendi
1379 1259 1519 1303 fuisse.

162 1344 253 1384 Hac
282 1351 370 1384 tum
404 1358 449 1385 re
482 1342 728 1392 admonitus
762 1342 975 1385 invenisse
1010 1342 1165 1396 fertur,
1201 1339 1399 1384 ordinem
1433 1353 1522 1381 esse

163 1421 367 1475 maxime,
392 1422 465 1480 qui
489 1422 703 1465 memoriae
718 1419 865 1464 lumen
885 1420 1071 1464 afferret.

225 1502 376 1560 Itaque
396 1502 468 1556 iis,
497 1502 571 1560 qui
596 1501 709 1544 hanc
734 1510 902 1560 partem
926 1500 1089 1561 ingenii
1115 1506 1382 1553 exercerent,
1407 1495 1524 1539 locos

163 1596 253 1623 esse
270 1580 520 1640 capiendos,
543 1590 585 1624 et
605 1597 673 1636 ea,
694 1597 788 1639 quae
807 1581 1016 1623 memoria
1034 1589 1180 1622 tenere
1197 1576 1376 1630 vellent,
1400 1575 1523 1625 effin-

164 1659 303 1719 genda
327 1661 494 1714 animo,
517 1669 646 1719 atque
674 1659 714 1701 in
741 1659 808 1701 his
834 1657 938 1701 loeis
960 1656 1209 1700 collocanda
1228 1672 1237 1698 ε
1259 1657 1319 1699 sic
1339 1655 1453 1711 fore,
1476 1664 1525 1698 ut

165 1738 359 1782 ordinem
390 1755 535 1782 rerum
571 1737 765 1781 locorum
802 1737 910 1781 ordo
942 1745 1237 1792 conservaret3
1275 1751 1342 1779 res
1379 1743 1523 1778 autem

166 1818 279 1877 ipsas
309 1833 453 1861 rerum
484 1817 647 1877 effigies
681 1827 871 1871 notaret,
909 1826 1038 1877 atque
1072 1826 1120 1860 ut
1154 1815 1258 1860 locis
1293 1831 1372 1876 pro
1402 1830 1523 1871 cera,

166 1896 405 1940 simulacris
426 1914 506 1957 pro
531 1897 684 1941 litteris
708 1907 941 1942 uteremur.

229 1978 493 2021 LXXXVII.
522 1978 612 2034 Qui
644 1978 697 2020 sit
729 1986 873 2020 autem
902 1976 1065 2019 oratori
1089 1975 1306 2019 memoriae
1333 1973 1524 2030 fructus,

166 2064 329 2114 quanta
351 2053 536 2111 utilitas,
564 2064 726 2115 quanta
751 2056 838 2110 vis,
866 2054 971 2114 quid
996 2070 1064 2097 me
1096 2054 1248 2097 attinet
1270 2052 1442 2096 dicere?
1464 2060 1527 2094 te-

170 2149 273 2176 nere
300 2149 394 2192 quae
419 2134 618 2178 didiceris
643 2136 686 2177 in
722 2134 973 2194 accipienda
1006 2149 1156 2189 causa,
1193 2148 1288 2192 quae
1324 2133 1415 2192 ipse
1454 2147 1526 2175 co-

170 2212 345 2273 gitaris?
378 2230 525 2258 omnes
556 2214 659 2258 fixas
691 2230 780 2258 esse
815 2215 859 2257 in
887 2215 1032 2257 animo
1064 2211 1326 2257 sententias?
1354 2227 1527 2255 omnem

168 2291 434 2352 descriptum
460 2294 692 2339 verborum
724 2294 1009 2355 apparatum?
1045 2296 1104 2338 ita
1133 2293 1282 2337 audire
1314 2291 1379 2336 vel
1408 2308 1528 2347 eum,

169 2372 285 2415 unde
322 2372 485 2428 discas,
517 2373 584 2417 vel
617 2391 736 2431 eum,
780 2374 849 2417 cui
882 2372 1234 2433 respondendum
1275 2372 1349 2423 sit,
1387 2380 1434 2415 ut
1466 2369 1529 2413 illi

169 2468 258 2495 non
291 2452 519 2496 infundere
547 2454 591 2496 in
630 2471 755 2498 aures
784 2464 878 2497 tuas
914 2454 1181 2510 orationem,
1214 2451 1286 2495 sed
1315 2453 1359 2494 in
1384 2452 1528 2493 animo

171 2530 399 2575 videantur
427 2533 688 2576 inscribere?
717 2535 869 2593 Itaque
899 2532 1000 2588 soli,
1033 2533 1105 2592 qui
1131 2532 1339 2576 memoria
1361 2531 1526 2589 vigent,

174 2609 336 2665 sciunt,
375 2611 505 2671 quid,
541 2621 583 2655 et
617 2622 849 2672 quatenus,
888 2622 930 2655 et
968 2612 1188 2671 quomodo
1226 2610 1382 2654 dicturi
1417 2610 1527 2664 sint,
