1843 3166
640 213 779 247 LIBER
810 213 873 246 111.
1371 210 1414 245 ’,ὦ
1428 225 1434 244 1

93 309 226 352 quum
263 295 532 350 barbaros3»
559 296 626 337 hic
651 305 819 349 autem,
853 314 871 333 «
896 310 1028 353 quum
1059 296 1287 337 Isocratem
1323 307 1441 355 pale-

95 383 212 416 retur
244 374 397 417 dicere.
421 394 441 414 »
474 376 625 433 Itaque
664 374 835 417 ornavit
870 380 911 417 et
947 373 1175 417 illustravit
1203 373 1439 417 doctrinam

96 450 209 495 illam
235 470 406 496 omnem
419 487 429 507 ‚
447 468 677 511 rerumque
689 453 980 512 cognitionem
994 468 1092 496 cum
1104 453 1312 495 orationis
1326 469 1444 496 exer-

95 534 296 577 citatione
315 533 551 592 conjunxit.
571 533 721 592 Neque
735 548 838 576 vero
857 533 939 576 hoc
957 532 1068 592 fugit
1087 532 1443 592 sapientissimum

97 628 241 672 regem
257 646 268 667 ,
305 610 576 671 Philippum,
602 613 672 671 qui
702 612 817 655 hunc
843 611 1089 656 Alexandro
1112 611 1201 655 filio
1228 612 1444 656 doctorem

99 691 267 734 accierit
282 724 293 746 ,
320 707 344 733 a
368 707 453 750 quo
476 689 626 734 eodem
653 690 722 734 ille
746 701 787 735 et
802 691 955 752 agendi
977 692 1187 752 acciperet
1215 701 1446 752 praecepta,

97 780 137 813 et
158 769 373 830 loquendi.

132 852 315 906 lNunc,
342 853 374 894 si
410 854 481 912 qui
512 851 647 907 volet,
675 868 772 895 eum
806 851 1111 913 philosophum
1129 887 1140 909 ,
1170 854 1243 913 qui
1278 853 1445 914 copiam

101 931 223 975 nobis
259 948 402 975 rerum
430 933 723 992 orationisque
747 932 909 988 tradat,
945 948 1021 993 per
1047 949 1113 976 me
1146 932 1329 993 appellet
1353 950 1448 976 ora-

100 1020 237 1054 torem
260 1010 378 1067 licet;
408 1012 494 1055 sive
516 1012 632 1055 hunc
655 1022 890 1068 oratorem,
913 1028 1041 1072 quem
1060 1029 1139 1073 ego
1163 1013 1258 1056 dico
1285 1015 1449 1074 sapien—

100 1091 201 1134 tiam
219 1092 412 1151 junctam
437 1091 595 1135 habere
614 1090 887 1151 eloquentiae,
910 1091 1215 1152 philosophum
1234 1091 1449 1153 appellare

101 1169 240 1226 malit,
263 1187 350 1214 non
370 1171 625 1232 impediam:
651 1170 886 1215 dummodo
912 1172 992 1216 hoc
1015 1182 1204 1227 constet,
1230 1190 1368 1233 neque
1390 1175 1451 1216 in-

102 1249 278 1293 fantiam
304 1251 420 1310 ejus,
445 1252 520 1311 qui
544 1267 632 1294 rem
658 1253 794 1305 norit,
822 1251 894 1295 sed
919 1268 1011 1295 eam
1038 1252 1247 1312 explicare
1269 1252 1450 1296 dicendo

104 1347 188 1373 non
213 1340 366 1390 queat3
392 1347 530 1391 neque
548 1332 818 1374 inscientiam
840 1330 978 1385 illius,
1004 1333 1073 1375 cui
1093 1348 1160 1376 res
1183 1349 1269 1376 non
1298 1349 1452 1392 suppe-

103 1420 190 1463 tat,
216 1411 344 1454 verba
362 1428 449 1454 non
474 1411 633 1467 desint,
658 1427 746 1454 esse
770 1410 1054 1454 laudandam:
1078 1427 1264 1470 quorum
1294 1412 1328 1455 si
1352 1411 1453 1456 alte—

102 1506 195 1533 rum
221 1491 274 1534 sit
295 1490 553 1551 optandum,
580 1489 725 1533 malim
761 1489 959 1550 equidem
988 1489 1236 1534 indisertam
1266 1491 1452 1552 pruden-

102 1571 223 1625 tiam,
249 1587 376 1631 quam
399 1571 626 1615 stultitiam
648 1570 883 1630 loquacem.

168 1651 244 1694 Sin
261 1651 514 1710 quaerimus,
538 1649 640 1709 quid
656 1665 791 1692 unum
815 1648 992 1693 excellat
1010 1665 1062 1693 ex
1083 1650 1305 1707 omnibus,
1327 1649 1454 1694 docto

105 1731 266 1773 oratori
307 1728 448 1789 palma
481 1728 622 1772 danda
647 1738 708 1772 est
734 1746 743 1772 τ
782 1745 909 1789 quem
935 1730 968 1772 si
1004 1730 1229 1790 patiuntur
1256 1730 1452 1774 eumdem

105 1826 193 1853 esse
215 1808 545 1870 philosophum,
566 1808 735 1852 sublata
756 1810 1048 1853 controversia
1075 1819 1152 1853 est.
1175 1811 1250 1853 Sin
1273 1827 1345 1854 eos
1367 1810 1454 1854 dis-

45 1896 55 1903 '
101 1889 310 1950 jungent,
338 1889 419 1932 hoc
443 1897 570 1932 erunt
594 1888 838 1944 inferiores,
867 1889 984 1949 quod
1012 1890 1054 1932 in
1072 1898 1243 1933 oratore
1266 1890 1455 1950 perfecto

106 1972 214 2012 inest
249 1967 422 2011 illorum
450 1969 586 2011 omnis
622 1968 820 2023 scientia,
859 1969 902 2011 in
932 1968 1286 2029 philosophorum
1314 1980 1454 2013 autem

107 2040 355 2109 cognitione
377 2066 464 2092 non
491 2049 698 2093 continuo
722 2049 832 2093 inest
857 2048 1121 2110 eloquentia;
1149 2067 1243 2111 quae
1262 2052 1456 2110 quamvis

107 2138 408 2171 contemnatur
436 2128 489 2171 ab
522 2129 600 2183 eis,
630 2144 799 2171 necesse
826 2138 890 2172 est
913 2138 1056 2172 tamen
1091 2128 1275 2189 aliquem
1309 2147 1457 2174 cumu-

110 2207 198 2251 lum
225 2207 398 2251 illorum
425 2208 589 2251 artibus
616 2206 769 2250 afferre
792 2207 1022 2277 videatur.y

170 2290 272 2331 Haec
295 2304 431 2348 quum
456 2289 634 2331 Crassus
658 2286 854 2343 dixisset,
885 2304 1118 2350 parumper
1141 2300 1183 2334 et
1206 2291 1295 2350 ipse
1319 2301 1457 2335 conti-

111 2367 219 2423 cuit,
245 2376 287 2410 et
311 2367 463 2410 ceteris
488 2366 704 2410 silentium
730 2365 823 2410 fuit.

173 2449 376 2491 XXXVI.
405 2450 514 2490 Tum
542 2449 692 2505 Cotta,
719 2448 927 2509 Equidem
944 2484 955 2503 ,
984 2450 1143 2509 inquit,
1171 2453 1346 2506 Crasse,
1373 2468 1457 2494 non

113 2543 288 2588 possum
313 2528 460 2587 queri,
483 2529 600 2587 quod
624 2529 729 2572 mihi
744 2529 914 2572 videare
933 2528 1049 2572 aliud
1063 2530 1291 2590 quiddam,
1315 2540 1356 2573 et
1373 2547 1456 2573 non

115 2606 180 2663 id,
210 2607 325 2666 quod
360 2609 617 2668 susceperis,
655 2608 912 2668 disputasse3
948 2608 1043 2668 plus
1080 2611 1190 2653 enim
1231 2609 1460 2668 aliquando
