1843 3166
746 207 890 242 LIBER
918 208 964 241 11.
1453 227 1464 248 1
1476 215 1524 261 59

177 300 366 345 tantum,
385 301 426 335 et
449 308 536 335 non
556 291 683 351 hujus
701 291 761 334 rei
780 307 952 351 quoque
972 291 1180 352 palmam,
1200 303 1246 336 ut
1268 305 1523 353 ceterarum,

176 374 332 415 Crasso
350 371 564 415 detulisse.

237 479 300 484 -—-
315 453 427 494 Tum
450 451 688 505 Antonius,
712 453 804 511 Ego
821 467 922 494 vero
943 452 1002 494 ita
1020 451 1210 496 fecissem
1224 486 1236 508 ,
1264 453 1421 512 inquit,
1445 456 1524 498 nisi

177 531 395 574 interdum
422 531 464 572 in
497 530 580 573 hoe
607 532 761 574 Crasso
786 529 976 590 paullum
1007 530 1242 574 inviderem
1271 548 1279 574 :
1309 548 1408 575 nam
1437 550 1524 576 esse

175 611 370 670 quamvis
394 609 579 653 facetum
604 619 732 669 atque
759 608 937 666 salsum,
959 626 1045 653 non
1066 611 1192 654 nimis
1214 621 1277 654 est
1298 627 1374 672 per
1396 628 1438 655 se
1464 613 1524 671 ip-

175 706 270 733 sum
297 689 599 745 invidendum,
627 689 722 745 sed,
747 706 882 749 quum
908 691 1102 733 omnium
1126 691 1181 734 sis
1203 692 1524 735 venustissimus

173 779 213 813 et
237 769 568 824 urbanissimus,
597 770 790 813 omnium
815 770 1114 830 gravissimum
1144 781 1185 814 et
1212 773 1524 815 severissimum

174 860 216 893 et
231 866 342 906 esse,
367 859 409 893 et
434 849 590 906 videri,
614 848 730 909 quod
754 849 823 893 isti
843 850 1026 910 contigit
1048 851 1144 907 uni,
1173 851 1216 894 id
1240 852 1345 895 mihi
1370 853 1441 896 vix
1465 852 1524 895 fe·

175 930 355 973 rendum
377 929 616 973 videbatur.

236 1011 318 1054 Hic
343 1025 476 1069 quum
496 1009 705 1052 arrisisset
718 1008 808 1069 ipse
825 1011 1024 1066 Crassus,
1041 1012 1263 1066 Attamen,
1282 1012 1424 1071 inquit
1438 1015 1524 1056 An-

174 1092 339 1146 tonius,
364 1104 500 1148 quum
526 1097 660 1132 artem
685 1104 773 1131 esse
788 1087 1058 1144 facetiarum,
1079 1091 1103 1133 J
1107 1087 1164 1132 uli
1181 1123 1192 1145 ,
1207 1106 1404 1150 negares,
1420 1107 1523 1151 ape-

175 1169 299 1212 ruisti
326 1168 552 1229 quiddam,
586 1168 703 1228 quod
733 1168 1069 1229 praecipiendum
1100 1169 1328 1214 videretur.
1366 1173 1523 1215 Haben-i

175 1249 289 1292 enim
307 1248 451 1292 dixisti
474 1248 684 1292 rationem
703 1257 903 1309 oportere
918 1247 1164 1305 hominum,
1188 1251 1273 1305 rei,
1298 1253 1521 1310 temporis,

176 1345 228 1372 ne
258 1328 363 1388 quid
384 1328 505 1387 jocus
534 1327 586 1371 de
613 1328 822 1388 gravitate
846 1326 1110 1387 decerperet3
1140 1328 1257 1387 quod
1280 1329 1455 1388 quidem
1481 1331 1522 1373 in

176 1409 327 1469 primis
346 1424 371 1450 a
390 1411 544 1452 Crasso
567 1407 785 1450 observari
802 1405 919 1450 solet.
940 1406 1022 1451 Sed
1039 1406 1121 1451 hoc
1140 1418 1399 1468 praeceptum
1421 1426 1525 1469 prae-

175 1486 504 1532 termittendum
532 1495 595 1530 est
619 1486 891 1543 facetiarum,
921 1503 1055 1546 quum
1081 1487 1149 1531 his
1175 1488 1281 1532 nihil
1311 1505 1419 1549 opus
1445 1491 1523 1546 sit;

179 1583 254 1611 nos
268 1576 411 1610 autem
436 1566 656 1626 quomodo
672 1576 867 1624 utamur,
888 1583 1022 1626 quum
1046 1583 1153 1627 opus
1171 1569 1244 1623 sit,
1269 1570 1521 1628 quaerimus:

183 1647 293 1689 utin
332 1646 648 1701 adversarium,
676 1655 719 1688 et
742 1646 950 1702 maxime,
983 1646 1017 1689 si
1046 1647 1136 1706 ejus
1154 1646 1334 1690 stultitia
1369 1649 1524 1707 poterit

175 1726 349 1787 agitari,
377 1726 421 1768 in
440 1735 592 1769 testem
608 1723 808 1781 stultum,
829 1724 1057 1786 cupidum,
1074 1724 1230 1783 levem,
1259 1727 1293 1770 si
1311 1726 1432 1771 facile
1446 1727 1523 1771 ho-

174 1806 309 1848 mines
338 1805 526 1849 audituri
550 1804 823 1848 videbuntur.

237 1886 429 1928 Omnino
443 1883 733 1945 probabiliora
747 1894 867 1941 sunt,
882 1901 976 1944 quae
987 1884 1166 1930 lacessiti
1182 1886 1380 1944 dicimus,
1394 1904 1521 1948 quam

175 1981 269 2025 quae
292 1965 457 2025 priores
479 1981 488 2007 :
509 1980 609 2008 nam
624 1974 667 2007 et
691 1965 850 2025 ingenii
873 1963 1064 2008 celeritas
1082 1966 1218 2026 major
1240 1976 1321 2023 est,
1341 1984 1434 2027 quae
1450 1984 1523 2028 ap-

176 2054 299 2105 paret
326 2045 369 2087 in
392 2044 714 2105 respondendo,
742 2054 784 2088 et
806 2045 1087 2089 humanitatis
1108 2056 1170 2095 est
1196 2047 1428 2107 responsio.
1448 2049 1521 2092 Vi-

176 2122 327 2168 demur
347 2125 462 2168 enim
476 2125 676 2185 ,quieturi
700 2124 849 2182 fuisse,
870 2126 952 2168 nisi
974 2141 1161 2170 essemus
1187 2125 1388 2183 lacessiti,
1414 2137 1461 2171 ut
1479 2128 1519 2171 in

176 2204 256 2247 ista
280 2204 373 2264 ipsa
395 2205 601 2248 concione
618 2203 723 2247 nihil
747 2204 834 2248 fere
849 2204 1013 2248 dictum
1029 2215 1092 2249 est
1112 2206 1165 2249 ab
1181 2206 1282 2262 hoc,
1301 2206 1416 2266 quod
1430 2207 1523 2266 qui-

175 2284 274 2328 dem
290 2284 467 2327 facetius
483 2284 647 2328 dictum
671 2284 906 2338 videretur,
921 2285 1037 2344 quod
1051 2302 1139 2329 non
1160 2296 1417 2347 provocatus
1437 2303 1522 2330 res-

176 2363 388 2424 ponderit.
422 2365 526 2407 Erat
554 2373 698 2407 autem
733 2373 851 2407 tanta
879 2365 1062 2424 gravitas
1088 2366 1131 2408 in
1160 2366 1378 2422 Domitio,
1405 2375 1521 2410 tanta

177 2443 433 2497 auctoritas,
455 2452 523 2499 ut,
538 2443 655 2503 quod
676 2453 786 2487 esset
810 2443 864 2486 ab
888 2459 936 2486 eo
963 2444 1202 2503 objectum,
1219 2444 1364 2505 lepore
1387 2445 1522 2505 magis

175 2521 447 2580 elevandum,
461 2539 590 2583 quam
603 2524 881 2567 contentione
896 2522 1181 2584 frangendum
1195 2525 1427 2568 videretur.

237 2603 571 2648 LV11.—Tum
594 2601 834 2663 Sulpicius,
859 2602 978 2660 Quid
1006 2604 1167 2665 igitur?
1199 2605 1359 2664 inquit,
1386 2604 1521 2663 patie-
