1843 3166
707 190 850 225 LIBER
880 191 946 225 111.
1432 195 1505 238 243

148 278 219 310 «et
244 271 398 323 vereri,
423 281 469 314 ut
488 286 560 313 rex
585 281 626 314 et
653 281 880 332 tyrannus,
898 283 946 316 ut
969 284 1210 319 assentator
1225 287 1266 320 et
1289 279 1470 336 amicus3
1487 299 1506 319 n

147 349 269 404 alter,
300 366 452 409 quum,
479 349 583 409 quid
598 361 768 409 praestet
789 350 907 394 aliud
933 351 1025 407 alii,
1048 354 1275 413 quaeritur3
1301 367 1349 400 ut
1378 356 1507 411 illud,

149 430 390 490 «optimine
430 430 639 489 cujusque
670 431 907 490 sapientes,
946 449 1000 476 an
1033 433 1233 493 populari
1269 434 1394 480 laude
1428 436 1508 481 du-

149 509 521 569 cantur?»Atque
543 526 601 553 eae
635 510 810 570 quidem
846 511 1203 573 disceptationes,
1234 531 1329 574 quae
1359 515 1413 558 ad
1439 533 1508 559 co-

150 590 385 648 gnitionem
417 587 677 644 reseruntur,
708 590 767 632 sic
792 590 878 633 fere
911 607 935 633 a
963 590 1222 635 doctissimis
1260 593 1508 637 hominibus

151 667 466 712 describuntur.

212 749 355 794 XXX.
385 749 494 806 Quae
514 765 616 793 vero
635 749 880 793 referuntur
897 749 949 793 ad
967 751 1183 811 agendum
1196 786 1206 806 ,
1227 761 1300 795 aut
1315 753 1358 795 in
1379 751 1507 796 officii

150 827 461 889 disceptatione
499 839 742 885 versantur,
781 845 869 889 quo
906 830 949 872 in
988 846 1162 890 genere,
1202 831 1307 891 quid
1343 841 1508 875 rectum

151 908 481 968 faciendumque
514 910 588 964 sit,
624 910 855 969 quaeritur3
896 910 964 952 cui
993 908 1088 953 loco
1126 911 1267 954 omnis
1300 911 1510 954 virtutum

152 999 194 1032 et
218 990 424 1033 vitiorum
449 999 512 1033 est
546 988 652 1032 silva
684 989 900 1049 subjecta;
923 999 998 1032 aut
1023 991 1067 1033 in
1090 991 1335 1034 animorum
1368 989 1511 1051 aliqua

154 1070 422 1129 permotione
447 1079 523 1112 aut
549 1069 784 1129 gignenda,
811 1079 887 1113 aut
916 1069 1104 1113 sedanda
1135 1069 1378 1114 tollendave
1402 1080 1511 1114 trac-

155 1158 314 1192 tantur.
340 1149 453 1192 Huic
478 1149 623 1209 generi
646 1148 850 1210 subjectae
878 1159 978 1192 sunt
1002 1149 1344 1207 cohortationes,
1367 1150 1513 1209 objur-

156 1229 368 1290 gationes,
389 1227 723 1284 consolationes,
746 1229 1062 1285 miserationes,
1096 1232 1322 1290 omnisque
1346 1230 1400 1273 ad
1424 1246 1515 1273 om-

157 1325 256 1352 nem
285 1309 417 1351 animi
445 1317 611 1351 motum
642 1318 683 1351 et
710 1307 932 1368 impulsio,
961 1318 1023 1362 et,
1050 1310 1083 1352 si
1113 1310 1172 1353 ita
1196 1325 1262 1353 res
1284 1310 1412 1366 feret,
1434 1310 1515 1353 mi-

158 1388 322 1448 tigatio.

219 1466 455 1529 Explicatis
484 1466 614 1530 igitur
635 1469 702 1512 his
731 1469 984 1530 generibus,
1007 1486 1055 1514 ac
1083 1468 1221 1515 modis
1243 1468 1517 1532 disceptatio-

158 1565 262 1592 num
286 1550 502 1605 omnium,
529 1548 636 1592 nihil
660 1565 761 1593 sane
786 1549 838 1593 ad
874 1565 964 1593 rem
994 1551 1207 1609 pertinet,
1230 1552 1263 1594 si
1287 1568 1371 1610 qua
1395 1552 1439 1594 in
1472 1567 1518 1594 re.

156 1627 417 1690 discrepavit
443 1629 494 1672 ab
514 1629 691 1673 Antonii
719 1627 930 1672 divisione
962 1638 1111 1673 nostra
1134 1630 1339 1690 partitio:
1368 1630 1516 1674 eadem

157 1708 273 1751 enim
312 1717 413 1751 sunt
447 1707 640 1751 membra
677 1707 721 1750 in
756 1708 979 1768 utriusque
1024 1707 1411 1768 disputationibus,
1446 1710 1517 1754 sed

159 1787 306 1848 paullo
331 1804 450 1831 secus
476 1804 500 1831 a
531 1804 620 1843 me,
640 1796 770 1846 atque
804 1788 856 1831 ab
879 1787 977 1842 illo,
1010 1790 1170 1849 partita
1196 1805 1245 1833 ac
1270 1789 1516 1834 distributa.

163 1869 295 1912 Nunc
329 1868 383 1911 ad
409 1866 576 1926 reliqua
611 1866 879 1927 progrediar,
909 1884 1063 1927 meque
1096 1868 1150 1911 ad
1188 1886 1333 1913 meum
1363 1886 1519 1914 munus

161 1963 430 2008 pensumque
449 1947 674 1991 revocabo.
710 1948 823 1991 Nam
847 1964 898 1991 ex
920 1947 1002 1992 illis
1034 1947 1160 2006 locis,
1188 1966 1296 2009 quos
1322 1951 1521 2010 exposuit

160 2029 396 2083 Antonius,
428 2028 575 2071 omnia
602 2037 702 2070 sunt
738 2026 791 2070 ad
829 2044 1009 2088 quaeque
1040 2045 1197 2089 genera
1233 2030 1520 2088 quaestionum

163 2117 421 2168 argumenta
453 2106 658 2150 sumenda
679 2124 688 2149 t
711 2106 784 2150 sed
807 2106 901 2150 aliis
933 2108 1164 2168 generibus
1188 2107 1259 2151 alii
1281 2107 1363 2152 loci
1387 2110 1521 2169 magis

163 2198 289 2232 erunt
313 2188 422 2249 apti3
439 2187 491 2231 de
511 2204 599 2247 quo
616 2204 702 2230 non
730 2197 818 2231 tam
839 2188 938 2247 quia
961 2187 1138 2249 longum
1162 2198 1245 2242 est,
1265 2205 1395 2249 quam
1422 2190 1523 2250 quia

165 2269 464 2329 perspicuum,
486 2267 572 2311 dici
598 2267 704 2310 nihil
727 2276 791 2311 est
809 2284 991 2311 necesse.

227 2349 524 2394 Ornatissimae
550 2358 651 2391 sunt
677 2348 809 2408 igitur
833 2348 1050 2392 orationes
1077 2365 1156 2405 eae,
1195 2366 1289 2409 quae
1319 2349 1525 2392 latissime

167 2439 402 2490 vagantur,
429 2436 467 2470 et
501 2444 524 2470 a
558 2428 725 2487 privata
759 2443 808 2470 ac
843 2426 1052 2487 singulari
1080 2430 1373 2472 controversia
1399 2445 1441 2471 se
1471 2427 1524 2470 ad

168 2509 356 2553 universi
381 2507 549 2568 generis
573 2507 662 2548 vim
687 2505 988 2566 explicandam
1022 2507 1252 2552 conferunt
1278 2518 1319 2551 et
1350 2523 1526 2551 conver-

169 2597 283 2644 tunt,
312 2597 360 2631 ut
382 2587 435 2641 ii,
458 2586 528 2645 qui
558 2584 757 2639 audiant,
787 2594 958 2642 natura,
986 2596 1027 2629 et
1050 2603 1227 2646 genere,
1261 2596 1300 2630 et
1327 2587 1525 2628 universa

1267 2663 1334 2708 16.
