1843 3166
775 156 915 188 LIBER
949 156 992 188 Η.
1487 173 1551 193 ι).-

259 236 319 277 Ae
363 237 551 295 primum
592 246 788 279 naturam
826 254 963 280 causae
998 237 1166 293 videat,
1205 257 1297 299 qua.¹
1331 260 1550 302 uunquam

198 314 297 359 latet
321 350 332 372 ,
359 316 574 359 factumne
600 318 679 372 sit,
713 327 945 376 quaeratur,
972 335 1024 361 an
1041 353 1050 371 ,
1077 318 1202 378 quale
1231 321 1305 371 sit,
1332 338 1385 364 an
1402 357 1412 377 ,
1438 325 1550 382 quod

204 411 358 438 nomen
383 396 537 439 babeat
561 413 570 438 :
596 412 682 456 quo
706 407 951 457 perspecto,
984 399 1127 441 statim
1153 401 1343 443 occurrit
1369 403 1550 446 naturali

203 475 385 533 quadam
420 476 676 536 prudentia,
713 493 799 520 non
831 478 894 520 his
927 478 1307 533 subductionibus,
1342 497 1448 540 quas
1489 484 1550 525 isti

201 555 377 611 docent,
399 556 503 615 quid
526 556 649 600 faciat
675 573 870 613 causam,
901 558 942 601 id
968 568 1055 614 est,
1077 575 1164 618 quo
1189 559 1357 604 sublato
1379 572 1549 605 contro-

205 635 339 677 versia
359 644 472 678 stare
494 652 580 679 non
602 638 752 696 possit3
775 637 949 693 deinde,
974 638 1078 698 quid
1095 640 1239 683 veniat
1259 640 1299 683 in
1318 640 1526 700 judicium
1542 678 1551 687 ,

199 714 315 773 quod
339 715 405 759 isti
429 716 490 759 sic
508 716 659 776 jubent
695 733 887 777 quaerere
909 734 918 761 ε
949 718 1170 762 Interfecit
1192 720 1392 779 Opimius
1417 722 1551 764 Grac-

198 794 326 838 chum
355 812 364 838 x
390 795 492 855 quid
518 796 618 840 facit
635 797 834 840 causam?
858 798 974 858 quod
989 797 1234 859 reipublicae
1247 816 1395 855 causa,
1416 817 1548 860 quum

199 892 249 917 ex
271 875 644 921 senatusconsulto
670 876 722 920 ad
754 894 871 922 arma
897 889 1089 922 vocasset
1122 897 1131 922 :
1161 880 1242 923 hoc
1273 879 1396 936 tolle,
1425 898 1548 924 causa

201 972 286 998 uon
311 957 405 1000 crit.
427 959 484 1000 At
504 956 547 1000 id
573 958 713 1018 ipsum
739 968 867 1018 negat
893 970 1045 1003 contra
1065 959 1176 1020 leges
1200 959 1365 1004 licuisse
1376 962 1545 1006 Decius.

198 1035 353 1079 Veniet
371 1036 502 1096 igitur
516 1038 559 1080 in
579 1036 818 1097 judicium,
844 1037 1069 1082 licueritne
1084 1055 1135 1082 ex
1153 1039 1550 1095 senatusconsulto,

197 1116 415 1159 servandae
440 1116 684 1177 reipublicae
706 1134 847 1161 causa.
870 1119 1102 1178 Perspicua
1130 1129 1228 1162 sunt
1248 1119 1336 1163 haec
1357 1120 1550 1179 quidem,

196 1207 236 1239 et
269 1197 311 1239 in
340 1195 507 1257 vulgari
528 1197 755 1257 prudentia
782 1200 884 1253 sita;
917 1198 990 1241 sed
1016 1198 1086 1242 illa
1111 1199 1357 1258 quaerenda,
1381 1216 1476 1259 quae
1498 1202 1551 1243 ab

195 1287 444 1321 accusatore
467 1287 509 1320 et
530 1277 754 1322 defensore
776 1289 1053 1339 argumenta,
1077 1279 1130 1322 ad
1157 1280 1220 1335 id,
1241 1280 1359 1339 quod
1376 1280 1417 1322 in
1438 1280 1551 1339 judi-

194 1358 308 1400 cium
334 1359 469 1414 venit,
499 1359 756 1418 spectantia,
783 1358 968 1403 debeant
993 1359 1152 1403 afferri.

260 1439 421 1482 XXXI.
461 1441 603 1498 Atque
621 1439 691 1485 hic
707 1437 815 1482 illud
833 1438 1071 1482 videndum
1089 1450 1174 1494 est,
1199 1441 1242 1483 in
1255 1457 1342 1500 quo
1361 1457 1552 1485 summus

196 1527 261 1561 est
288 1534 410 1561 error
436 1518 618 1562 istorum
646 1519 973 1578 magistrorum,
994 1519 1047 1562 ad
1071 1536 1179 1579 quos
1203 1519 1358 1564 liberos
1385 1531 1552 1565 nostros

198 1599 428 1654 mittimus,
450 1615 537 1641 non
559 1614 646 1658 quo
667 1598 749 1642 boc
769 1598 943 1657 quidem
964 1598 1017 1641 ad
1037 1599 1266 1643 dicendum
1292 1617 1552 1661 magnopert¹

195 1679 434 1738 pertineat,
471 1678 543 1721 sed
578 1687 719 1720 tamen
751 1688 798 1720 ut
831 1678 1030 1733 videatis,
1060 1695 1187 1738 quam
1216 1681 1270 1722 sit
1307 1697 1441 1740 genus
1472 1682 1552 1725 hoc

195 1775 345 1803 eorum
363 1793 374 1815 ‚
395 1759 469 1819 qui
485 1759 565 1802 sibi
580 1758 735 1802 eruditi
756 1758 971 1815 videntur,
1000 1759 1130 1803 hebes
1145 1770 1275 1820 atque
1293 1760 1550 1821 impolitum.

194 1840 482 1883 Constituunt
501 1840 615 1882 enim
632 1840 674 1882 in
700 1839 938 1899 partiendis
953 1841 1198 1902 orationum
1222 1840 1361 1884 modis
1380 1842 1467 1885 duo
1483 1859 1552 1903 ge-

197 1936 303 1963 nera
326 1935 554 1963 causarum
579 1934 587 1962 :
617 1936 752 1962 unum
779 1918 1021 1979 appellant,
1048 1921 1091 1962 in
1115 1937 1221 1980 quo,
1249 1922 1338 1965 sine
1359 1925 1551 1982 personis

197 2010 326 2060 atque
342 1999 629 2060 temporibus,
647 1999 699 2042 de
713 2000 914 2043 universo
927 2017 1081 2060 genere.
1101 2010 1339 2059 quaeratur3
1354 2001 1551 2057 alterum,

196 2079 312 2139 quod
339 2080 534 2140 personis
562 2081 688 2123 certis
720 2089 762 2123 et
797 2079 1064 2139 temporibus
1089 2079 1318 2124 definiatur
1347 2098 1355 2124 :
1385 2082 1552 2141 ignari,

195 2176 343 2204 omnes
365 2161 680 2204 controversias
703 2159 758 2202 ad
783 2159 971 2202 universi
996 2160 1165 2219 generis
1185 2160 1270 2203 vim
1291 2170 1334 2204 et
1354 2171 1552 2205 naturam

196 2240 357 2284 referri.

256 2323 371 2366 Nam
388 2322 432 2368 in
453 2338 503 2365 ea
519 2323 612 2383 ipsa
635 2338 782 2379 causa,
808 2321 860 2364 de
884 2338 967 2381 qua
991 2331 1088 2365 ante
1112 2322 1221 2377 dixi,
1247 2321 1353 2365 nihil
1370 2324 1553 2383 pertinet

195 2403 249 2447 ad
270 2404 454 2447 oratoris
485 2402 601 2447 locos
629 2404 793 2464 Opimii
828 2419 1036 2464 persona,
1066 2402 1174 2446 nihil
1203 2405 1339 2447 Decii.
1366 2406 1431 2447 De
1460 2405 1552 2464 ipso

193 2484 309 2527 enim
340 2484 540 2527 universo
564 2500 716 2544 genere
746 2483 912 2527 infinita
939 2484 1116 2543 quaestio
1137 2494 1222 2540 est,
1247 2504 1268 2525 <c
1291 2485 1408 2527 Num
1427 2501 1551 2543 poena

193 2585 212 2605 υ
235 2564 433 2609 videatur
459 2580 548 2608 esse
570 2563 848 2618 afficiendus,
874 2564 948 2622 qui
965 2564 1103 2607 civem
1118 2580 1168 2607 ex
1183 2562 1552 2607 senatusconsulto
