1843 3166
666 211 808 246 LIBER
835 212 900 246 111.
1392 228 1465 265 279

177 292 269 333 LX.
304 292 371 336 Ad
399 293 577 337 actionis
619 303 759 336 autem
789 309 914 337 usum
943 302 1070 353 atque
1104 293 1291 353 laudem,
1330 300 1463 344 maxi-

116 384 230 411 mam
265 369 354 415 sinc
382 371 512 415 dubio
535 382 699 430 partem
727 388 811 415 vox
838 373 1026 417 obtinet:
1052 390 1145 433 quae
1174 377 1359 434 primum
1398 389 1462 422 est

120 450 306 509 optanda
339 452 486 505 nobis;
526 450 703 506 deinde,
742 468 1022 512 quaecumque
1055 454 1166 507 erit,
1208 471 1257 497 ea
1290 457 1458 501 tuenda.

119 530 183 571 De
223 546 308 588 quo
346 528 450 571 illud
486 529 577 588 jam
614 528 722 572 nihil
757 530 811 573 ad
852 531 934 574 hoc
974 532 1252 591 praecipiendi
1297 549 1430 593 genus
1451 569 1462 589 ,

117 606 479 666 quemadmodum
526 609 622 651 voci
672 610 905 666 serviatur,
956 610 1152 669 equidem
1204 628 1463 672 magnopere

117 702 268 729 censeo
301 686 595 730 serviendum:
631 677 708 731 ¹sed
736 687 841 731 illud
873 689 1043 733 videtur
1076 691 1129 732 ab
1164 691 1291 749 hujus
1329 693 1463 735 nostri

119 766 324 809 sermonis
358 765 499 809 officio
533 783 620 810 non
654 767 904 822 abhorrere,
942 769 1081 827 quod,
1116 779 1163 812 ut
1203 769 1289 812 dixi
1320 769 1463 830 paullo

118 854 241 900 ante,
267 843 462 904 plurimis
489 846 531 888 in
556 846 683 889 rebus
714 846 830 905 quod
854 848 1034 890 maxime
1061 857 1124 891 est
1147 847 1270 902 utile,
1307 848 1350 891 id
1371 865 1464 892 nes-

118 925 184 967 cio
208 941 293 984 quo
319 935 444 984 pacto
468 927 595 969 etiam
622 926 744 969 decet
778 928 971 970 maxime.
1000 929 1113 972 Nam
1137 928 1190 970 ad
1213 943 1359 971 vocem
1390 929 1465 971 ob-

122 1003 339 1047 tinendam
361 1003 468 1047 nihil
499 1013 559 1047 est
593 1004 759 1061 utilius,
791 1022 919 1065 quam
952 1007 1101 1050 crebra
1123 1007 1322 1061 mutati03
1356 1007 1463 1050 nihil

118 1082 396 1141 perniciosius
411 1116 422 1137 ,
443 1098 570 1141 quam
590 1082 722 1126 effusa
746 1084 836 1127 sine
859 1085 1172 1129 intermissione
1194 1087 1427 1129 contentio.

180 1159 321 1216 Quid?
335 1161 389 1203 ad
400 1177 524 1205 aures
540 1171 723 1218 nostras,
739 1172 781 1206 et
799 1164 979 1207 actionis
993 1166 1243 1208 suavitatem
1255 1200 1265 1219 ,
1280 1165 1383 1224 quid
1400 1175 1463 1209 est

118 1240 430 1294 vicissitudine,
452 1251 494 1283 et
517 1242 740 1297 varietate,
765 1251 806 1285 et
833 1245 1171 1287 commutatione
1197 1244 1365 1304 aptius?
1384 1248 1466 1289 Ita-

121 1335 203 1379 que
223 1319 334 1363 idem
362 1321 583 1364 Gracchus
610 1321 749 1380 (quod
778 1331 896 1380 potes
917 1322 1084 1378 audire,
1114 1322 1288 1380 Catule,
1316 1341 1366 1368 ex
1389 1326 1464 1368 Li-

121 1400 256 1454 cinio,
291 1399 444 1443 cliente
469 1409 569 1455 tuo,
595 1399 781 1443 litterato
807 1402 1002 1457 homine,
1034 1418 1165 1461 quem
1190 1419 1360 1447 servum
1385 1404 1465 1448 sibi

122 1478 194 1522 ille
220 1479 368 1522 habuit
393 1479 447 1522 ad
470 1479 670 1538 manum)
689 1496 786 1522 cum
801 1479 1033 1524 eburneola
1055 1481 1205 1526 solitus
1223 1494 1286 1526 est
1310 1484 1469 1527 habere

123 1557 290 1613 fistula,
316 1558 388 1617 qui
422 1567 554 1601 staret
575 1556 741 1602 occulte
764 1567 861 1616 post
887 1560 1028 1617 ipsum
1045 1594 1056 1613 ,
1081 1577 1217 1618 quum
1241 1564 1468 1605 conciona-

123 1647 256 1693 retur,
281 1639 468 1697 peritum
496 1638 733 1691 hominem,
764 1638 837 1696 qui
863 1636 1030 1680 inflaret
1056 1637 1250 1682 celeriter
1274 1656 1371 1683 eum
1400 1657 1468 1684 so-

124 1733 226 1759 num
240 1750 251 1769 ,
267 1733 353 1776 quo
367 1714 488 1759 illum
504 1725 577 1759 aut
589 1716 812 1759 remissum
828 1717 1054 1771 excitaret,
1069 1727 1143 1761 aut
1157 1734 1179 1761 a
1195 1722 1469 1764 contentione

126 1805 357 1840 revocaret.
371 1795 623 1851 ——Audivi,
644 1794 908 1851 mehercule,
933 1796 1072 1855 inquit
1087 1796 1287 1853 Catulus,
1303 1808 1345 1842 et
1362 1815 1469 1859 saepe

128 1892 222 1919 sum
251 1875 484 1918 admiratus
508 1874 694 1917 hominis
730 1890 862 1933 quum
901 1873 1189 1936 diligentiam,
1218 1887 1310 1920 tum
1341 1879 1469 1922 etiam

129 1954 368 1998 doctrinam
390 1962 432 1997 et
453 1954 685 1997 scientiam.

192 2035 354 2094 —Ego
376 2049 496 2087 vero,
512 2033 651 2091 inquit
667 2033 864 2087 Crassus,
879 2049 927 2076 ac
946 2032 1069 2077 doleo
1087 2034 1275 2093 quidem,
1295 2035 1387 2080 illos
1407 2038 1471 2080 vi-

131 2129 200 2157 ros
236 2114 281 2155 in
317 2128 410 2156 eam
446 2110 639 2155 fraudem
666 2112 709 2153 in
736 2111 954 2171 republica
974 2129 1062 2156 esse
1086 2112 1306 2174 delapsos:
1336 2132 1471 2175 quan-

132 2209 258 2253 quam
283 2208 331 2235 ea
351 2190 434 2234 tela
453 2191 624 2245 texitur,
650 2200 690 2233 et
715 2206 764 2234 ea
788 2191 989 2235 incitatur
1008 2193 1052 2235 in
1076 2193 1246 2236 civitate
1271 2194 1380 2238 ratio
1408 2196 1471 2238 vi-

131 2271 285 2327 vendi,
311 2286 359 2314 ac
384 2270 621 2329 posteritati
642 2269 897 2325 ostenditur,
924 2280 971 2314 ut
992 2287 1139 2314 eorum
1165 2273 1344 2329 civium,
1364 2290 1471 2332 quos

134 2352 271 2396 nostri
295 2359 433 2410 patres
455 2365 542 2392 non
557 2348 766 2404 tulerunt,
784 2350 870 2408 jam
891 2349 1043 2394 similes
1056 2351 1213 2395 habere
1236 2353 1470 2412 cupiamus.

135 2433 354 2485 -Mitte‚
380 2430 578 2482 obsecro,
607 2430 763 2488 inquit,
787 2431 958 2485 Crasse,
980 2428 1140 2488 Julius,
1164 2448 1402 2476 sermonem
1425 2433 1474 2475 is-

136 2522 245 2566 tum,
270 2521 311 2555 et
333 2521 373 2553 te
390 2509 442 2552 ad
457 2509 643 2551 Gracchi
668 2507 853 2551 fistulam
877 2509 1004 2564 refer3
1030 2510 1150 2570 cujus
1175 2527 1253 2572 ego
1278 2513 1471 2557 nondum

137 2591 262 2652 plane
289 2591 496 2634 rationem
518 2586 724 2646 intelligo.
