1843 3166
377 153 442 185 116
892 148 952 181 DF,
984 146 1215 181 ORATORF

438 236 745 292 l'oslcaqumu‚
786 233 1007 275 exstinctis
1041 232 1130 279 liis,
1165 230 1303 272 omnis
1338 243 1487 269 corum
1525 227 1727 269 memoria

370 315 526 370 sensim
557 315 787 357 obscurata
819 323 882 355 cst
915 322 956 355 ct
993 312 1189 364 evanuit,
1220 308 1301 352 alia
1330 307 1525 367 qusedam
1559 306 1728 349 (licendi

372 393 569 436 molliora
604 412 651 437 ac
687 394 928 436 remissiora
964 408 1120 452 genera
1154 391 1398 449 viguerunt.
1431 387 1535 430 Inde
1568 390 1730 430 Demo-

370 474 543 528 chares,
583 491 710 533 quem
749 474 866 515 aiunt
909 472 1068 514 sororis
1098 470 1233 513 lilium
1267 469 1394 511 fnisse
1424 468 1732 517 Demostheni;

371 564 460 596 tum
497 553 727 596 l‘lialcrcus
759 552 827 595 illc
866 553 1131 604 Demetrius,
1163 551 1358 592 omnium
1401 550 1606 603 istorum,
1640 565 1732 591 mea

369 633 602 681 sententia,
619 632 899 692 politissimus
914 666 924 686 ,
944 630 1102 690 aliique
1121 646 1270 672 corum
1290 627 1449 671 similes
1462 629 1730 672 exstiterunt.

367 712 475 767 Qum
501 712 532 753 si
562 710 754 754 volemus
787 727 920 770 usquc
946 710 998 752 ad
1028 710 1109 752 lioe
1131 719 1300 768 tempus
1329 709 1549 768 persequi3
1576 705 1733 750 intelli-

367 808 539 850 gemus,
566 801 607 833 ut
637 791 764 833 liodic
786 790 1128 835 Alabandensem
1150 788 1268 832 illum
1287 787 1554 842 Meneclem,
1577 797 1617 829 et
1643 787 1734 846 ejus

368 871 543 914 fratrem
568 870 830 922 Hieroclem,
860 888 968 929 quos
988 887 1068 930 ego
1091 869 1259 923 audivi,
1286 878 1374 911 tota
1400 868 1594 910 imitetur
1610 868 1733 922 Asia,

367 953 425 994 sic
451 968 620 1011 semper
643 951 770 994 fuisse
796 950 1003 1010 aliquem,
1027 950 1149 1008 cujus
1178 965 1221 991 se
1245 947 1405 991 similes
1430 947 1623 1007 plerique
1645 964 1734 991 esse

368 1031 535 1075 vellent.

428 1115 550 1155 Hanc
580 1113 710 1173 igitur
740 1111 1064 1155 similitudinem
1097 1112 1171 1171 qui
1199 1111 1436 1153 imitatione
1467 1111 1632 1169 assequi
1662 1126 1734 1152 vo-

365 1191 446 1246 let,
490 1203 581 1236 tum
622 1194 1006 1237 exercitationibus
1040 1192 1202 1236 crebris
1235 1201 1367 1250 atque
1409 1192 1601 1251 magnis,
1641 1201 1730 1234 tum

366 1272 596 1316 scribendo
625 1274 813 1317 maxime
839 1283 1122 1333 persequatur
1145 1289 1154 1315 ε
1179 1271 1297 1332 quod
1320 1272 1354 1315 si
1378 1271 1447 1315 hic
1468 1281 1614 1315 noster
1635 1270 1731 1315 Sul-

364 1353 502 1412 picius
528 1353 710 1409 faceret,
740 1352 877 1396 multo
907 1353 999 1412 ejus
1030 1353 1168 1395 oratio
1196 1362 1305 1395 esset
1332 1353 1543 1411 pressior3
1570 1353 1614 1395 in
1650 1369 1733 1411 qua

366 1449 484 1476 nune
520 1433 758 1489 interdum,
794 1443 841 1476 ut
877 1434 920 1475 in
957 1433 1100 1475 herbis
1134 1433 1284 1475 rustici
1321 1432 1461 1476 solent
1495 1433 1657 1488 dicere,
1690 1434 1732 1475 in

363 1528 530 1555 summa
570 1513 766 1556 ubertate
802 1514 910 1556 inest
938 1512 1128 1556 luxuries
1158 1511 1378 1571 quaedam,
1402 1527 1498 1570 quae
1528 1511 1639 1572 stylo
1664 1511 1735 1555 de-

363 1591 574 1651 pascenda
598 1602 674 1636 est.

426 1700 487 1704 ——
512 1673 593 1717 Hic
617 1673 836 1734 Sulpicius
860 1691 868 1716 :
896 1675 970 1717 Me
994 1673 1189 1733 quidem,
1215 1674 1384 1733 inquit,
1409 1683 1525 1717 recte
1558 1691 1732 1732 mones,

364 1751 491 1811 idque
509 1754 615 1797 mihi
639 1763 809 1813 gratum
836 1764 927 1808 est,
956 1753 1030 1797 sed
1054 1770 1106 1797 ne
1131 1763 1170 1796 te
1185 1753 1382 1813 quidem,
1408 1756 1599 1812 Antoni,
1622 1755 1733 1799 mul-

363 1842 454 1876 tum
481 1834 742 1893 scriptitasse
762 1835 963 1877 arbitror.
987 1836 1099 1877 Tum
1126 1833 1222 1877 ille:
1252 1835 1388 1891 Quasi
1417 1851 1541 1892 vero,
1563 1836 1733 1895 inquit,

363 1929 449 1956 non
473 1929 522 1956 ea
544 1915 791 1974 praecipiam
813 1913 928 1972 aliis,
954 1932 1048 1975 quae
1068 1916 1174 1958 mihi
1195 1916 1276 1976 ipsi
1297 1916 1436 1959 desint
1456 1933 1465 1959 ε
1496 1916 1569 1960 sed
1587 1926 1730 1962 tamen

364 2009 415 2036 ne
437 1993 604 2037 tabulas
621 1995 796 2054 quidem
820 1996 1032 2038 conficere
1054 1997 1287 2040 existimor.
1304 1999 1469 2042 Verum
1488 2007 1530 2040 et
1549 1997 1593 2041 in
1620 1999 1702 2042 hoc
1719 2033 1731 2053 ,

362 2090 411 2116 ex
434 2090 479 2116 re
499 2073 698 2117 familiari
726 2092 843 2131 mea,
871 2085 913 2118 et
936 2076 980 2118 in
1003 2075 1104 2134 illo,
1133 2094 1185 2121 ex
1203 2094 1254 2121 eo
1269 2112 1280 2133 ,
1305 2079 1423 2138 quod
1447 2078 1566 2135 dico,
1594 2096 1732 2140 quan-

318 2193 323 2195 *
363 2153 503 2196 tulum
529 2153 573 2196 id
602 2171 788 2215 cumque
812 2166 895 2212 est,
923 2156 1027 2216 quid
1054 2157 1230 2212 faciam,
1250 2159 1437 2219 judicari
1467 2169 1622 2220 potest.

430 2235 576 2293 Atque
616 2251 705 2277 esse
751 2244 895 2278 tamen
932 2235 1092 2280 multos
1129 2238 1348 2296 videmus,
1398 2241 1473 2299 qui
1512 2242 1725 2285 neminem

362 2314 598 2367 imitentur,
626 2324 668 2357 et
683 2325 834 2374 suapte
852 2326 1027 2372 natura,
1049 2318 1166 2377 quod
1185 2319 1340 2375 velint,
1359 2322 1450 2364 sine
1468 2323 1729 2381 cujusquam

362 2393 641 2438 similitudine
657 2407 980 2455 consequantur
1005 2415 1014 2440 ε
1046 2398 1162 2458 quod
1176 2410 1218 2443 et
1235 2401 1276 2443 in
1302 2402 1422 2445 vobis
1441 2402 1727 2446 animadverti

362 2483 475 2517 recte
502 2483 661 2534 potest,
688 2476 844 2530 Caesar,
871 2486 913 2519 et
937 2480 1093 2534 Cotta3
1127 2496 1317 2538 quorum
1341 2480 1448 2524 alter
1472 2482 1726 2526 inusitatum

363 2554 536 2613 quidem
566 2557 723 2599 nostris
750 2559 993 2600 oratoribus
1022 2558 1212 2620 leporem
1243 2562 1473 2620 quemdam
1498 2572 1539 2605 et
1569 2562 1727 2619 salem,
