1843 3166
710 190 853 223 unita
886 190 912 223 1.
1445 206 1488 236 77

131 273 208 315 tari
232 274 437 333 coegisset
463 290 469 315 :
500 283 542 315 ut
572 282 712 315 totum
742 272 866 327 illud,
903 276 978 316 Isti
997 274 1148 333 lingua
1174 280 1462 338 nuncupans(
1479 314 1488 329 ,

131 370 216 395 11011
247 354 286 396 iu
316 356 397 396 XII
429 352 610 407 tabulis,
641 369 746 412 quas
777 363 819 395 tu
847 354 1049 396 omnibus
1074 354 1350 399 bibliothecis
1375 368 1491 400 antc-

130 434 278 492 ponis,
309 434 381 477 sed
408 434 450 476 in
476 434 667 493 magistri
696 434 888 476 carmine
911 435 1120 495 scriptum
1147 436 1379 480 videretur.

193 517 350 558 LVIII.
388 516 501 559 Nam
536 514 651 574 quod
688 516 890 558 inertiam
921 532 1098 559 accusas
1129 515 1466 561 adolescentium
1485 554 1494 567 ,

130 597 204 655 qui
231 597 351 639 istam
374 604 532 650 artem,
558 596 749 655 primum
767 594 1039 651 facillimam,
1064 613 1151 639 11011
1170 597 1381 653 ediscant3
1403 615 1495 657 quacv

132 693 259 736 quam
289 677 343 720 sit
369 675 529 731 facilis,
556 675 616 719 illi
642 676 852 733 viderint,
882 678 955 737 qui
978 678 1069 737 ejus
1097 678 1201 721 artis
1227 680 1496 739 arrogantia,

131 758 251 817 quasi
272 756 522 800 difficillima
540 757 620 813 sit,
648 758 707 801 ita
726 758 899 801 subnixi
917 757 1165 813 ambulant,
1192 759 1347 803 deinde
1367 761 1496 804 etiam

132 849 178 882 tu
202 839 293 898 ipse
316 838 495 895 videris,
525 840 600 899 qui
624 855 718 882 eam
745 848 882 882 artem
908 838 1077 882 facilem
1104 856 1194 884 esse
1219 840 1346 897 (licis,
1367 858 1496 900 quam

131 919 330 965 concedis
354 919 496 964 adhuc
520 929 655 963 artem
682 921 861 963 omnino
888 937 976 964 non
1006 938 1116 976 esse,
1143 921 1215 965 sed
1243 920 1498 982 aliquando,

131 1001 165 1043 si
189 1001 284 1060 quis
304 999 433 1044 aliam
454 1010 592 1044 artem
614 1000 834 1057 didicerit,
859 1011 906 1044 ut
926 1002 1038 1045 hanc
1058 1012 1195 1045 artem
1218 1002 1388 1046 efficere
1408 1020 1500 1063 pos-

134 1082 215 1138 sit,
258 1091 351 1125 tum
376 1098 467 1125 esse
491 1080 609 1124 illam
642 1091 779 1124 artem
814 1081 1036 1124 futuram:
1076 1081 1253 1138 deinde,
1292 1083 1410 1143 quod
1446 1085 1501 1127 sit

130 1161 258 1223 plena
283 1163 609 1218 delectationi53
640 1163 683 1206 in
711 1179 798 1222 quo
826 1163 904 1206 tibi
935 1164 1164 1206 remittunt
1190 1180 1340 1207 omnes
1373 1165 1498 1208 istam

130 1242 425 1304 voluptatem,
463 1254 505 1288 et
534 1261 583 1288 ea
614 1261 658 1288 se
686 1260 831 1287 carere
865 1245 1118 1304 patiuntur3
1161 1261 1242 1288 nec
1270 1246 1502 1304 quisquam

130 1335 194 1369 est
220 1342 395 1381 eorum,
421 1327 520 1386 qui,
548 1326 580 1368 si
600 1326 689 1385 jam
709 1326 762 1368 sit
785 1323 1063 1368 ediscendum
1090 1324 1170 1367 sibi
1195 1324 1379 1384 aliquid,
1414 1342 1502 1368 11011

130 1409 347 1450 Teucrum
366 1408 543 1451 Pacuvii
564 1405 709 1462 malit,
734 1423 864 1466 quam
881 1404 1142 1450 Manilianas
1162 1405 1380 1450 venalium
1400 1424 1503 1450 ven-

131 1487 374 1532 dendorum
398 1487 512 1549 leges
538 1487 742 1532 ediscere.

194 1571 308 1613 Tum
328 1579 472 1613 autem
498 1568 616 1629 quod
639 1586 786 1613 amore
804 1569 954 1630 patriae
977 1585 1124 1613 censes
1148 1585 1226 1613 nos
1252 1578 1502 1612 nostrorum

133 1649 348 1710 maj0rum
371 1651 545 1694 inventa
568 1666 693 1693 nosse
717 1650 874 1693 debere
894 1667 903 1692 :
930 1666 1017 1693 non
1037 1648 1179 1705 vides,
1203 1659 1370 1692 veteres
1391 1647 1504 1709 leges

133 1740 207 1774 aut
242 1732 335 1791 ipsa
365 1747 442 1775 sua
466 1740 680 1774 vetustate
718 1732 1023 1786 consenuisse,
1062 1740 1138 1774 aut
1172 1731 1295 1773 novis
1333 1729 1502 1790 legibus

135 1827 225 1855 esse
259 1810 479 1855 sublatas?
516 1811 651 1867 Quod
683 1827 787 1854 vero
822 1811 937 1854 viros
975 1811 1113 1854 bonos
1136 1811 1235 1870 jure
1267 1809 1382 1854 civili
1413 1810 1504 1853 fieri

138 1902 285 1949 putas,
312 1893 413 1952 quia
438 1890 604 1952 legibus
628 1901 670 1935 et
692 1892 867 1951 praemia
888 1892 1114 1952 proposita
1136 1892 1222 1934 sint
1245 1891 1504 1947 virtutibus,

136 1982 178 2016 et
197 1971 411 2033 supplicia
433 1973 548 2016 vitiis
569 1989 577 2015 :
609 1971 810 2031 equidem
835 1972 1065 2032 putabam,
1092 1972 1298 2014 virtutem
1320 1971 1505 2014 homini-

137 2054 218 2097 bus
242 2052 294 2113 (si
319 2053 449 2097 modo
475 2052 588 2096 tradi
607 2054 774 2096 ratione
796 2053 950 2113 possit)
981 2051 1251 2095 instituendo
1270 2061 1310 2094 et
1332 2068 1507 2111 persua·

139 2133 302 2190 dendo,
339 2151 427 2177 non
461 2135 611 2191 minis,
649 2144 692 2177 et
719 2135 782 2190 vi,
825 2150 873 2177 ac
901 2142 1020 2176 metu
1053 2132 1177 2176 tradi.
1216 2134 1328 2177 Nam
1365 2132 1505 2191 ipsum

140 2214 314 2275 quidem
334 2213 464 2271 illud,
492 2216 620 2259 etiam
639 2216 731 2258 sine
748 2215 1001 2276 cognitione
1022 2214 1155 2275 juris,
1186 2230 1318 2273 quam
1338 2214 1392 2257 sit
1416 2212 1507 2256 bel-

140 2294 254 2352 lum,
281 2311 430 2339 cavere
454 2294 642 2351 malum,
674 2296 785 2339 scire
806 2312 1049 2356 possumus.

204 2378 270 2420 De
294 2392 363 2419 me
387 2385 531 2419 autem
556 2377 670 2436 ipso,
698 2378 767 2420 cui
792 2376 867 2419 uni
893 2385 941 2419 tu
961 2375 1183 2432 concedis,
1212 2386 1280 2432 ut,
1310 2376 1401 2418 sine
1422 2373 1508 2417 ulla

137 2456 247 2516 juris
272 2457 471 2512 scientia,
502 2465 644 2500 tamen
666 2457 805 2500 causis
828 2455 1076 2499 satisfacere
1097 2457 1259 2516 possim
1274 2491 1284 2510 ,
1307 2455 1385 2498 tibi
1406 2455 1504 2506 hoc,

142 2539 315 2593 Crasse,
354 2537 617 2598 respondeo,
654 2554 794 2597 neque
825 2554 892 2580 me
925 2554 1115 2596 unquam
1140 2538 1209 2597 jus
1241 2535 1363 2578 civile
1395 2533 1505 2576 (lidi-

143 2618 274 2675 cisse,
314 2635 452 2678 neque
480 2628 620 2661 tamen
648 2619 692 2661 in
719 2619 768 2662 iis
795 2619 954 2673 causis,
994 2635 1100 2677 quas
1135 2620 1178 2660 in
1210 2618 1307 2676 jure
1340 2630 1506 2674 possem
