1843 3166
344 177 413 213 152
864 178 928 212 DE
956 177 1194 213 ORATORE

340 278 530 305 amorem
550 263 684 323 magis
710 260 928 317 conciliat,
955 260 1025 304 illa
1047 272 1217 305 virtutis
1244 261 1433 304 defensio
1458 261 1702 315 caritatem3

339 341 521 402 plusque
538 343 727 403 proficit,
744 343 776 385 si
794 343 1053 402 proponitur
1066 359 1160 401 spes
1171 340 1365 385 utilitatis
1380 341 1554 396 futurae,
1573 357 1702 400 quam

338 424 543 483 praeteriti
569 422 764 467 beneficii
788 423 1155 465 commemoratio.

400 503 666 547 Enitendum
685 513 768 559 est,
793 513 839 546 ut
859 501 1080 557 ostendas,
1107 503 1148 545 in
1169 518 1219 545 ca
1238 518 1303 556 re,
1326 517 1456 561 quam
1477 499 1680 544 defendas
1694 533 1705 555 ,

341 594 416 627 aut
443 584 697 644 dignitatem
718 585 877 640 inesse,
901 593 975 626 aut
999 581 1255 637 utilitate1n3
1283 597 1490 640 eumque,
1515 580 1584 624 cui
1607 597 1706 624 con-

921 663 1095 722 f‘nissces
1119 660 1226 704 nihil
1254 660 1307 703 ad
1332 660 1560 704 utilitatem
1585 677 1705 704 suam

920 699 944 724 5

340 744 558 800 retulisse,
571 762 620 788 ac
633 744 740 787 nihil
756 745 935 787 omnino
949 743 1097 786 fecisse
1112 758 1241 785 causa
1255 758 1344 784 sua.
1355 741 1581 784 Invidetur
1591 742 1706 785 enim

341 664 459 708 cilies
490 663 608 707 hune
635 680 851 719 amorem,
882 664 913 706 si

340 825 577 868 commodis
591 825 817 868 hominum
832 825 1045 884 ipsorum3
1072 822 1224 866 studiis
1239 830 1384 865 autem
1394 837 1543 864 eorum
1557 821 1707 865 ceteris

342 905 647 949 commodandi
675 905 857 948 favetur.

404 986 741 1044 Videndumque
757 983 950 1028 hocloco
966 993 1048 1038 est,
1063 999 1116 1026 ne
1127 1017 1138 1039 ,
1157 999 1265 1042 quos
1280 983 1334 1025 ob
1350 981 1573 1025 benefacta
1588 979 1707 1041 diligi

343 1065 555 1120 volemus,
582 1082 734 1109 eorum
759 1064 930 1108 laudem
953 1073 1082 1123 atque
1106 1062 1314 1123 gloriam,
1344 1063 1413 1106 eui
1436 1063 1620 1105 maxime
1644 1063 1708 1105 in-

340 1145 474 1189 videri
495 1144 622 1202 solet,
647 1146 775 1189 nimis
796 1144 952 1188 efferre
970 1143 1208 1186 videamur.
1231 1145 1372 1202 Atque
1393 1141 1543 1185 iisdem
1568 1142 1634 1185 his
1658 1158 1708 1185 ex

341 1226 446 1270 loeis
478 1237 519 1270 et
544 1226 691 1270 odium
718 1227 762 1269 in
786 1225 892 1269 alios
925 1234 1091 1268 struere
1123 1222 1357 1278 discemus,
1389 1232 1430 1265 et
1457 1238 1482 1265 a
1511 1222 1634 1266 nobis
1659 1238 1709 1265 ae

342 1308 498 1351 nostris
523 1307 772 1362 demovere3
803 1305 1038 1365 eademque
1058 1304 1149 1348 liaec
1177 1319 1335 1364 genera
1361 1301 1583 1346 tractanda
1609 1312 1710 1345 sunt

340 1390 382 1431 in
413 1386 640 1431 iracundia
667 1386 732 1430 vel
758 1385 1012 1441 excitanda,
1042 1383 1103 1427 vel
1133 1383 1336 1427 sedanda.
1366 1383 1478 1426 Nam
1510 1383 1568 1437 si,
1593 1382 1710 1441 quod

339 1469 462 1528 ipsis,
485 1468 559 1527 qui
581 1467 787 1518 audiunt,
807 1466 1100 1526 perniciosum
1124 1473 1199 1507 aut
1214 1462 1367 1506 inutile
1382 1463 1457 1515 sit,
1485 1460 1528 1504 id
1549 1460 1704 1505 facttun

340 1564 515 1607 augeas,
541 1547 689 1590 odium
723 1555 895 1590 creatur
921 1562 929 1588 :
958 1546 1045 1600 sin,
1079 1543 1198 1603 quod
1225 1552 1299 1587 aut
1325 1543 1369 1585 in
1400 1542 1537 1586 bonos
1568 1542 1708 1597 viros,

340 1637 414 1670 aut
434 1629 477 1670 in
501 1643 598 1685 eos,
619 1628 661 1670 in
681 1643 790 1687 quos
804 1626 986 1686 quisque
1006 1625 1181 1667 minime
1198 1623 1416 1679 debuerit,
1442 1631 1516 1665 aut
1534 1622 1578 1665 in
1599 1638 1710 1665 rem-

342 1706 586 1768 publicam3
619 1718 714 1751 tum
742 1707 979 1762 excitatur,
1007 1705 1041 1748 si
1068 1720 1156 1748 non
1190 1712 1277 1746 tam
1303 1702 1508 1746 acerbum
1533 1701 1678 1745 odium
1695 1737 1707 1759 ,

344 1799 488 1832 tamen
514 1798 589 1832 aut
615 1787 807 1843 invidiae,
830 1796 907 1830 aut
930 1785 1019 1829 odii
1040 1801 1129 1828 non
1150 1781 1367 1827 dissimilis
1389 1782 1582 1826 offensio.

409 1872 518 1913 Item
540 1869 671 1911 timor
700 1868 910 1910 incutitur
930 1875 1005 1909 aut
1024 1882 1075 1909 ex
1096 1865 1287 1924 ipsorum
1313 1861 1538 1923 perieulis,
1566 1872 1641 1906 aut
1657 1879 1708 1906 ex

341 1949 645 1993 communibus
667 1965 675 1991 :
708 1948 892 1991 interior
915 1956 978 1989 est
1001 1943 1072 1988 ille
1094 1944 1322 2005 proprius;
1350 1942 1510 1986 sedhic
1532 1957 1708 2002 quoque
1722 2002 1731 2016 1

340 2030 583 2074 eommunis
605 2028 659 2072 ad
681 2027 877 2071 eamdem
901 2024 1230 2069 similitudinem
1254 2032 1318 2066 est
1338 2021 1654 2082 perducendus.

403 2112 497 2153 LII.
534 2111 619 2152 Par
645 2118 774 2168 atque
795 2123 882 2150 una
909 2106 1019 2149 ratio
1047 2115 1110 2148 est
1134 2104 1249 2165 spei,
1270 2102 1448 2158 laetitiae,
1475 2100 1707 2153 molestiae;

343 2189 416 2233 sed
444 2189 561 2232 haud
592 2189 742 2244 seiam,
769 2204 824 2231 an
852 2187 1084 2230 acerrimus
1108 2184 1235 2245 longe
1263 2183 1317 2226 sit
1344 2182 1539 2226 omnium
1564 2191 1708 2225 motus

342 2268 535 2325 invidiae,
556 2285 634 2312 nec
654 2269 798 2311 minus
819 2268 977 2311 virium
1003 2282 1112 2326 opus
1133 2265 1189 2308 sit
1213 2264 1256 2306 in
1281 2279 1330 2306 ea
1357 2260 1707 2322 comprimenda,

342 2366 473 2409 quam
500 2349 544 2391 in
566 2347 806 2392 excitanda.
822 2347 1026 2391 Invident
1045 2354 1190 2389 autem
1208 2342 1404 2387 homines
1423 2341 1608 2384 maxime
1629 2356 1708 2400 pa-

344 2430 488 2485 ribus,
515 2439 590 2472 aut
614 2428 911 2484 inferioribus,
941 2443 1077 2487 quum
1103 2441 1146 2469 se
1171 2423 1342 2468 relictos
1370 2421 1586 2476 sentiunt,
1613 2418 1708 2463 illos

342 2520 486 2554 autem
514 2508 662 2552 dolent
682 2508 895 2564 evolasse;
919 2508 992 2551 sed
1012 2508 1142 2551 etiam
1162 2503 1457 2565 superioribus
1485 2499 1708 2544 invidetur

344 2608 453 2651 saepe
470 2591 760 2646 vehementer,
777 2599 817 2633 et
833 2606 882 2633 eo
897 2589 1034 2648 magis
1051 2623 1061 2643 ,
1080 2588 1113 2631 si
1140 2583 1443 2630 intolerantius
1462 2597 1504 2624 se
1519 2581 1707 2640 jactant,
