1843 3166
324 162 391 197 133
838 157 900 190 DE
928 156 994 190 ΟΒ
1004 155 1165 189 ATORE

322 259 461 291 torum
489 245 607 289 sedes
638 260 686 286 ac
715 242 796 285 loci
831 259 838 284 :
876 258 973 284 nam
1015 250 1055 282 et
1085 239 1316 298 conjuncta
1345 251 1602 296 quaeremus,
1630 245 1670 276 et

323 343 503 388 genera,
527 335 564 368 et
593 333 732 384 partes
758 323 985 384 generibus
1015 320 1246 379 subjectas,
1275 327 1316 361 et
1348 314 1671 363 similitudines,

324 418 366 451 et
380 404 765 457 dissimilitudines,
786 413 829 446 et
844 402 1082 454 contraria,
1103 410 1145 443 et
1163 397 1488 456 consequentia,
1512 404 1550 437 ct
1569 410 1671 437 con-

326 497 545 541 sentanea,
561 495 603 528 et
621 485 742 544 quasi
758 483 1083 544 przecurrentia,
1099 490 1141 523 ct
1159 479 1460 539 repugnantia,
1477 485 1515 518 et
1529 491 1676 518 causas

327 584 471 612 rerum
499 566 823 625 vestigabimus,
853 573 894 606 ct
913 579 982 616 ea,
1009 578 1103 621 quae
1131 577 1179 604 ex
1208 560 1345 603 causis
1370 568 1463 602 orta
1489 566 1616 610 sunt3
1638 566 1679 597 ct

328 649 511 708 majora,
537 646 676 706 paria,
706 645 872 687 minora
900 658 1153 702 quaeremus.

393 730 486 771 XL.
515 729 578 769 Ex
591 725 832 784 conjunctis
845 724 904 766 sic
918 730 1173 783 argumenta
1187 720 1423 763 ducuntur:
1441 740 1460 760 t<
1480 720 1521 762 Si
1540 720 1681 778 pietati

334 830 352 849 «
374 823 539 852 summa
560 803 785 848 tribuenda
798 803 888 846 laus
899 801 1162 857 est,dcbetis
1179 800 1361 854 moveri,
1383 815 1516 858 quum
1530 801 1686 854 Q.Mc-

335 909 353 927 ι(
374 886 523 932 tellum
546 895 630 928 tam
661 886 728 944 pie
754 882 901 943 lugere
925 881 1151 925 videatis.»

400 970 462 1012 Ex
487 982 640 1027 genere
662 974 804 1007 autem
829 980 837 1005 ε
866 981 886 1002 «
905 963 946 1005 Si
973 963 1248 1022 magistratus
1275 962 1316 1004 in
1348 959 1493 1020 populi
1525 961 1689 1002 romani

338 1055 585 1108 «potestate
613 1060 700 1086 esse
728 1042 903 1096 debent,
931 1041 1037 1100 quid
1065 1041 1323 1084 Norbanum
1354 1055 1548 1095 accusas,
1572 1039 1692 1098 cujus

339 1148 358 1167 «
379 1126 621 1170 tribunatus
645 1123 854 1167 voluntati
877 1122 1022 1182 paruit
1044 1120 1258 1164 civitatis?
1274 1141 1293 1161 »

404 1210 466 1251 Ex
492 1214 612 1266 parte
637 1214 781 1247 autem
801 1219 873 1254 ca,
896 1218 991 1261 quae
1013 1211 1076 1244 est
1090 1201 1282 1261 subjecta
1306 1201 1450 1260 generi
1478 1218 1485 1243 :
1512 1219 1530 1240 «
1547 1201 1589 1243 Si
1606 1217 1697 1243 omn

343 1307 362 1327 «
384 1304 480 1341 nes,
505 1286 579 1345 qui
600 1283 848 1344 reipublicae
874 1281 1125 1335 consulunt,
1151 1283 1237 1325 cari
1260 1282 1382 1324 nobis
1406 1299 1495 1325 esse
1517 1281 1670 1325 debent
1689 1316 1698 1336 ,

346 1389 363 1408 a
385 1376 498 1410 certe
521 1367 563 1408 in
583 1365 730 1425 primis
750 1364 1052 1423 imperatores,
1077 1379 1263 1421 quorum
1288 1361 1497 1416 consiliis,
1522 1363 1702 1415 virtute,

348 1468 365 1486 «
385 1446 607 1508 periculis,
649 1444 885 1487 retinemus
921 1453 961 1486 ct
1001 1453 1191 1486 nostram
1228 1441 1428 1497 salutem,
1464 1452 1504 1485 et
1538 1443 1703 1501 imperii

349 1550 366 1568 «
388 1527 687 1587 dignitatem.»

415 1610 477 1651 Ex
515 1604 792 1649 similitudine
832 1614 1009 1647 autem:
1045 1624 1063 1644 «
1093 1605 1136 1646 Si
1167 1605 1262 1646 ferae
1299 1614 1445 1663 partus
1478 1622 1576 1647 suos
1612 1604 1709 1647 dili-

354 1708 373 1728 «
395 1696 526 1748 gunt,
555 1702 639 1745 qua
670 1701 746 1728 nos
775 1685 816 1726 in
843 1682 999 1727 liberos
1034 1693 1203 1727 nostros
1235 1683 1500 1744 indulgentia
1523 1701 1614 1728 esse
1637 1684 1710 1728 de-

355 1787 374 1807 «
396 1764 610 1810 bemus&

420 1849 479 1890 At
509 1862 560 1888 ex
591 1843 939 1887 dissimilitudine
971 1859 980 1886 ε
1013 1862 1033 1883 «
1053 1844 1096 1887 Si
1125 1844 1408 1887 harbarorum
1438 1855 1501 1888 est
1529 1846 1572 1888 in
1601 1845 1712 1888 diem

360 1929 564 1981 «vivere,
592 1934 738 1968 nostra
773 1923 952 1967 consilia
986 1924 1297 1983 sempiternum
1325 1934 1495 1984 tempus
1521 1934 1714 1985 spectare

361 2029 379 2047 «
401 2007 568 2050 debent.
584 2025 604 2045 »
627 2007 770 2063 Atque
798 2013 984 2062 utroque
1008 2004 1051 2046 in
1074 2020 1228 2064 genere
1260 2014 1303 2048 et
1329 2004 1618 2049 similitudinis
1633 2039 1645 2061 ,
1675 2016 1716 2048 et

363 2084 753 2137 dissimilitudinis,
789 2081 981 2143 exempla
1016 2093 1117 2126 sunt
1154 2101 1204 2127 ex
1235 2082 1418 2128 aliorum
1454 2084 1574 2128 factis
1597 2120 1609 2139 ,
1644 2096 1718 2129 aut

366 2167 511 2220 dictis,
540 2174 616 2209 aut
645 2163 832 2219 eventis,
860 2173 903 2206 et
926 2162 1035 2206 fictae
1063 2166 1330 2208 narrationes
1362 2180 1471 2225 saepe
1495 2165 1717 2225 ponendae.

427 2248 521 2289 Jam
553 2260 604 2287 ex
633 2243 880 2287 contrario:
920 2244 1006 2287 «Si
1040 2244 1261 2287 Gracchus
1296 2244 1478 2302 nefarie,
1517 2244 1722 2305 praeclare

367 2346 386 2367 ι(
406 2327 617 2386 Opimius.
637 2346 656 2367 »

431 2409 494 2450 Ex
520 2405 881 2465 consequentibus
900 2423 908 2447 :
927 2407 1004 2448 «Si
1031 2415 1072 2449 et
1090 2406 1203 2449 ferro
1226 2407 1476 2450 interfectus
1500 2405 1591 2461 ille,
1615 2417 1657 2450 et
1677 2417 1722 2450 tu

371 2486 608 2528 «inimicus
635 2485 725 2544 ejus
752 2501 849 2528 cum
875 2484 1016 2546 gladio
1043 2495 1222 2529 cruento
1252 2487 1588 2546 comprehensus
1613 2504 1658 2530 es
1681 2489 1723 2530 in

373 2588 391 2607 (ι
414 2566 486 2610 illo
508 2567 600 2626 ipso
625 2564 737 2620 lom,
767 2575 808 2608 et
836 2582 962 2608 nemo
982 2576 1135 2625 praeter
1152 2576 1192 2610 te
1217 2567 1274 2609 ibi
1301 2568 1414 2610 visus
1431 2577 1519 2623 est,
1544 2578 1585 2611 et
1598 2584 1726 2612 causa
