1843 3166
674 176 816 211 LIBER
848 178 892 210 11.
948 183 951 186 ’
1382 178 1451 223 19¹3

172 262 393 304 LXXXII.
437 264 576 320 Atque
620 261 709 303 haec
755 262 798 302 in
846 270 995 303 senatu
1038 262 1201 304 minore
1244 272 1450 321 apparatu

110 339 273 399 agenda
293 350 391 383 sunt
411 356 420 382 ε
446 340 611 399 sapiens
631 340 746 382 enim
762 348 824 381 est
845 339 1094 393 consilinum
1116 339 1345 399 multisque
1360 340 1450 383 aliis

110 418 276 463 dicendi
300 417 601 478 relinquendus
628 417 757 461 locus.
789 418 974 462 Vitanda
991 420 1115 462 etiam
1141 420 1450 478 ingeniiosten-

111 500 282 542 tationis
301 499 500 558 suspicio.

171 580 332 622 Concio
367 579 480 638 capit
516 594 686 621 omnem
722 579 808 620 vim
844 579 1069 633 orationis,
1106 589 1147 622 ct
1175 580 1452 639 gravitatem,

110 660 444 717 varietatemque
470 657 697 701 desiderat.
724 661 840 718 Ergo
862 659 903 701 in
924 658 1143 702 suadendo
1159 660 1263 702 nihil
1287 670 1348 703 cst
1375 678 1451 720 op-

109 736 303 793 tabilius,
332 754 462 797 quam
489 738 687 798 dignitas.
705 739 814 782 Nam
838 740 910 798 qui
937 738 1166 783 utilitatem
1193 750 1338 800 putat,
1364 758 1449 783 non

107 816 211 876 quid
232 818 413 860 maxime
438 816 539 860 velit
567 834 736 873 suasor,
765 817 836 861 sed
862 819 965 878 quid
992 820 1206 862 interdum
1234 822 1368 880 magis
1392 838 1453 863 se-

107 906 263 955 quatur
279 930 290 952 ,
313 895 440 940 videt.
474 898 614 940 Nemo
635 906 697 939 est
722 899 860 952 enim,
887 900 1119 956 praesertim
1146 899 1186 941 in
1221 909 1307 942 tam
1339 899 1453 942 clara

106 976 305 1032 civitate,
339 978 444 1036 quin
480 986 603 1036 putet
638 976 919 1036 expetendam
954 979 1137 1021 maxime
1166 977 1451 1038 dignitatem:

107 1054 182 1097 sed
199 1056 333 1100 vincit
358 1055 520 1100 utilitas
545 1055 798 1115 plerumque
816 1091 826 1111 ,
854 1073 987 1115 quum
1010 1058 1126 1100 abest
1149 1056 1217 1100 ille
1240 1059 1380 1112 timor,
1406 1074 1452 1100 ca

107 1134 320 1194 neglecta,
346 1152 399 1178 ne
419 1135 669 1195 dignitatem
700 1136 873 1194 quidem
899 1152 1021 1195 posse
1048 1138 1234 1180 retineri.

168 1216 467 1258 Controversia
487 1224 628 1258 autem
649 1215 760 1257 inter
777 1216 1002 1258 homiuum
1026 1218 1287 1272 sententias,
1316 1229 1388 1261 aut
1411 1219 1451 1260 in

109 1293 179 1337 illo
201 1304 283 1349 est,
307 1304 451 1337 utrum
471 1295 525 1337 sit
545 1293 713 1348 utilius,
738 1304 812 1336 aut
830 1296 982 1349 etiam,
1006 1312 1138 1353 quum
1166 1296 1207 1337 id
1231 1298 1452 1348 convenit,

106 1384 319 1429 certatur,
347 1384 492 1416 utrum
516 1374 729 1417 honestati
755 1374 926 1432 potius,
953 1390 1007 1416 an
1028 1373 1203 1416 utilitati
1229 1374 1455 1417 consulen-

105 1453 208 1496 dum
223 1455 289 1496 sit.
311 1455 419 1510 Quae
448 1454 549 1512 quia
573 1469 768 1513 pugnare
797 1469 907 1513 saepe
930 1454 1042 1495 inter
1066 1469 1109 1495 se
1139 1452 1355 1506 videntur,
1381 1455 1454 1514 qui

105 1531 336 1576 utilitatem
359 1532 576 1589 defendit,
604 1533 874 1576 enumerabit
893 1532 1120 1575 commoda
1143 1533 1277 1592 pacis,
1302 1549 1453 1592 opum,

108 1613 328 1671 potentiae,
353 1610 620 1673 [pecuniae],
644 1611 918 1672 vectigalium
933 1645 943 1664 ,
964 1612 1147 1671 praesidii
1170 1612 1356 1656 militum
1380 1615 1456 1656 uti-

108 1691 269 1747 litates,
295 1701 338 1735 et
360 1701 600 1734 ceterarum
626 1707 796 1747 rerum,
835 1707 1019 1750 quarum
1046 1690 1234 1734 fructum
1271 1691 1455 1736 utilitate

105 1772 326 1827 metimur,
352 1772 539 1830 itemque
564 1771 836 1814 incommoda
860 1772 1190 1814 contrariorum.
1209 1772 1297 1828 Qui
1320 1771 1371 1814 ad
1393 1772 1456 1814 di-

105 1850 310 1909 gnitatem
329 1848 528 1910 impellit,
550 1850 764 1909 majorum
780 1849 992 1909 exempla,
1010 1867 1102 1909 quae
1125 1860 1251 1893 erunt
1268 1849 1332 1893 vel
1355 1867 1454 1893 cum

104 1929 294 1988 periculo
314 1928 523 1990 gloriosa,
543 1929 739 1989 colliget3
768 1930 1032 1989 posteritatis
1054 1929 1342 1972 immortalem
1365 1947 1454 1973 me-

103 2009 285 2052 moriam
320 2009 517 2069 augebit3
557 2008 787 2051 utilitatem
823 2025 874 2051 ex
910 2007 1036 2051 laude
1076 2009 1193 2051 nasci
1228 2008 1454 2065 defendet,

103 2103 356 2147 semperque
376 2104 471 2136 eam
492 2104 590 2132 cum
611 2087 820 2147 dignitate
841 2104 930 2132 esse
954 2088 1242 2147 conjunctam.

166 2166 249 2210 Sed
274 2167 378 2225 quid
404 2167 496 2211 fieri
525 2168 685 2228 possit,
717 2177 791 2210 aut
812 2183 900 2210 non
928 2167 1085 2226 possit,
1112 2166 1304 2226 quidque
1327 2168 1455 2210 etiam

100 2246 154 2288 sit
179 2262 366 2302 necesse,
395 2257 469 2290 aut
490 2264 576 2291 non
597 2248 670 2302 sit,
698 2247 741 2289 in
767 2256 949 2305 utraque
983 2262 1030 2289 re
1052 2247 1237 2289 maxime
1261 2255 1324 2289 est
1340 2262 1455 2305 quae—

100 2325 296 2368 rendum.
326 2325 540 2369 Inciditur
561 2328 675 2370 enim
702 2326 842 2369 omnis
858 2326 947 2385 jam
975 2325 1247 2375 deliberatio,
1276 2326 1309 2370 si
1336 2324 1455 2367 intel-

99 2403 249 2464 ligitur
270 2421 355 2448 non
385 2422 508 2465 posse
536 2406 649 2461 fieri,
682 2415 755 2448 aut
781 2407 814 2449 si
841 2406 1067 2448 necessitas
1093 2404 1291 2458 affertur-3
1317 2414 1360 2446 et
1381 2404 1454 2464 qui

103 2480 143 2523 id
166 2484 312 2525 docuit
327 2518 338 2537 ,
365 2501 451 2527 non
479 2484 724 2528 videntibus
747 2483 861 2536 aliis,
885 2485 919 2526 is
941 2482 1178 2543 plurimum
1205 2482 1325 2524 vidit.

161 2560 225 2604 Ad
251 2560 477 2605 consilium
502 2572 644 2605 autem
671 2563 723 2605 de
748 2562 969 2622 republica
996 2561 1208 2614 dandum,
1238 2568 1368 2618 caput
1390 2568 1455 2600 est

291 2657 336 2684 11.
1215 2656 1225 2681 1
1242 2637 1265 2681 3
