1843 3166
306 141 373 163 ιη
822 127 885 161 ΠΕ
916 127 1151 161 ORATORF,

303 230 532 273 superare,
566 213 819 256 mendosum
848 223 936 266 θεῖς
969 222 1057 255 tum
1084 212 1315 255 verborum
1339 212 1533 254 omnium
1563 211 1671 255 dess-

304 296 488 337 uitiones
503 329 513 349 ,
544 296 585 337 in
606 294 762 353 quibus
786 307 924 352 neque
939 293 1086 336 abesse
1100 292 1338 352 quidquam
1353 290 1477 334 decet
1491 327 1502 348 ,
1533 308 1672 351 neque

304 375 558 419 redundare.

369 456 451 501 Sed
470 457 553 499 hoc
570 457 603 499 si
624 457 664 498 in
677 457 775 515 jurc
790 454 925 510 civili,
945 456 977 497 si
996 456 1126 497 etiam
1141 456 1185 497 in
1200 454 1345 514 parvis
1362 463 1437 497 aut
1450 452 1675 496 mediocri-

304 539 383 581 bus
417 538 546 581 rebus
579 536 794 581 doctiores
830 537 1001 596 assequi
1034 545 1233 596 possunt3
1269 552 1354 578 non
1390 534 1500 578 idem
1537 535 1676 578 sentio

306 629 424 662 tanta
451 618 531 661 bac
555 619 597 661 iu
618 634 688 674 rc,
710 627 886 676 tamque
912 617 1139 671 immensa,
1159 631 1284 676 posse
1309 615 1412 658 ficri.
1434 615 1509 659 Sin
1533 625 1676 658 autem

306 699 379 758 qui
398 698 683 751 arbitrantur,
711 696 953 741 deducendi
972 706 1074 740 sunt
1094 696 1146 739 ad
1166 712 1238 739 eos
1255 731 1265 747 ,
1289 697 1363 755 qui
1385 696 1475 739 brec
1500 695 1677 749 docent3

307 780 454 823 onmia
468 779 557 839 jain
577 777 791 839 explicata
808 788 849 822 ct
867 776 1082 837 perpolita
1099 786 1384 836 assequentur
1403 793 1412 819 t
1441 786 1540 820 sunt
1560 777 1675 819 cnim

309 860 644 904 innumerabiles
677 859 728 903 (lc
765 861 831 903 his
869 859 997 902 rebus
1031 857 1152 912 libri,
1190 874 1331 917 neque
1358 856 1512 911 abditi,
1540 873 1679 916 nequc

308 943 493 986 obscuri.
523 941 606 984 Sed
633 941 830 993 videant,
861 939 965 999 quid
990 938 1125 983 velint
1149 956 1157 983 :
1195 939 1249 982 ad
1279 938 1596 994 ludendumne,
1625 956 1678 981 an

309 1024 361 1067 ad
385 1021 669 1083 pugnandum
694 1036 815 1064 arma
841 1021 927 1063 sint
953 1021 1151 1064 sumturi.
1177 1019 1309 1064 Aliud
1328 1021 1442 1063 enim
1470 1036 1615 1081 pugna
1638 1029 1679 1063 et

308 1105 439 1159 acies,
464 1101 582 1146 aliud
611 1100 740 1145 ludus
761 1117 1026 1161 campusque
1054 1110 1200 1144 noster
1220 1099 1446 1143 desiderat.
1476 1102 1678 1144 Attamen

310 1202 377 1228 ars
404 1185 496 1245 ipsa
524 1182 690 1227 ludicra
717 1198 940 1226 armorum
965 1191 1007 1226 et
1033 1180 1261 1243 gladiatori
1289 1190 1329 1223 et
1355 1179 1481 1225 militi
1508 1181 1684 1242 prodest

312 1263 498 1324 aliquid,
530 1263 602 1307 sed
639 1263 809 1305 animus
844 1278 955 1315 acer,
991 1271 1032 1304 et
1071 1278 1286 1322 praesens,
1321 1270 1362 1304 et
1393 1271 1544 1304 acutus
1573 1260 1684 1304 idem

313 1355 443 1406 atque
464 1353 682 1398 versutus,
709 1343 893 1386 invictos
924 1343 1038 1385 viros
1063 1341 1215 1397 efficit,
1241 1358 1330 1385 non
1355 1340 1575 1386 difficilius
1596 1351 1687 1385 arte

316 1427 561 1486 conjuncta.

379 1509 479 1550 XX.
517 1508 665 1562 Quare
695 1521 774 1565 ego
804 1504 882 1547 tibi
914 1514 1130 1547 oratorem
1160 1506 1220 1548 sic
1246 1505 1335 1565 jam
1366 1505 1586 1548 instituam
1610 1538 1621 1560 ,
1655 1505 1687 1547 si

317 1597 488 1648 potero,
509 1595 576 1640 ut,
597 1585 701 1645 quid
717 1585 887 1628 efficere
909 1587 1066 1645 possit,
1089 1595 1188 1628 ante
1200 1586 1472 1645 perspiciam.
1492 1586 1555 1629 Sit
1573 1586 1687 1628 enim

317 1668 423 1711 mihi
445 1668 604 1710 tinctus
637 1665 809 1721 litteris;
837 1665 1025 1709 audierit
1058 1665 1244 1726 aliquid,
1278 1665 1452 1727 legerit,
1481 1667 1562 1709 ista
1597 1667 1690 1727 ipsa

319 1758 532 1810 praecepta
567 1749 782 1808 acceperit
815 1765 823 1790 ε
863 1747 1058 1802 tentabo,
1093 1746 1198 1807 quid
1223 1746 1394 1804 deceat,
1424 1747 1530 1808 quid
1561 1764 1690 1801 voce,

319 1830 424 1890 quid
453 1830 639 1884 viribus,
666 1828 771 1889 quid
795 1829 975 1890 spiritu,
1001 1827 1105 1888 quid
1126 1827 1275 1889 lingua
1292 1827 1460 1872 efficere
1479 1829 1627 1890 possit.
1648 1830 1692 1872 Si

320 1909 557 1971 intelligam
576 1926 700 1972 posse
721 1909 774 1953 ad
792 1926 985 1954 summos
1011 1909 1254 1969 pervenire,
1279 1926 1365 1952 non
1387 1908 1527 1953 solum
1545 1910 1692 1953 horta-

320 1992 400 2034 bor
433 2001 483 2035 ut
510 1991 721 2047 elaboret,
759 1990 832 2034 sed
867 1991 1016 2045 etiam,
1048 1991 1082 2032 si
1117 1991 1182 2032 vir
1216 2006 1389 2049 quoque
1414 1990 1520 2033 mihi
1552 1990 1693 2033 bonus

324 2072 552 2129 videbitur,
576 2072 839 2116 obsecrabo:
867 2081 1035 2114 tantum
1057 2087 1137 2132 ego
1164 2071 1207 2113 in
1233 2069 1469 2114 excellente
1493 2080 1665 2115 oratore
1681 2105 1693 2127 ,

324 2164 366 2197 et
387 2153 538 2197 eodem
558 2154 650 2196 viro
676 2152 792 2195 bono
806 2186 816 2206 ,
845 2168 961 2211 pono
982 2167 1072 2194 esse
1091 2152 1335 2194 ornamenti
1358 2151 1569 2200 universae
1586 2153 1692 2195 civi-

325 2235 415 2277 tati.
435 2235 508 2277 Sin
529 2233 759 2288 videbitur,
785 2248 919 2291 quum
941 2231 1084 2275 omnia
1103 2247 1270 2275 summa
1288 2231 1454 2286 fecerit,
1475 2242 1617 2276 tamen
1638 2233 1690 2276 ad

327 2315 562 2358 mediocres
582 2323 772 2357 oratores
789 2329 878 2355 esse
896 2323 1104 2355 venturus
1134 2329 1142 2355 :
1177 2314 1426 2373 permittam
1452 2313 1554 2373 ipsi,
1588 2314 1693 2373 quid

327 2394 457 2447 velit;
484 2393 686 2437 molestus
713 2409 975 2454 magnopere
1000 2410 1086 2436 uon
1113 2410 1200 2436 ero.
1233 2395 1310 2438 Sin
1338 2393 1465 2454 plane
1484 2394 1693 2438 abhorre-

328 2476 410 2530 bit,
431 2485 472 2518 et
489 2475 569 2517 erit
584 2473 814 2517 absurdus:
832 2485 877 2517 ut
895 2491 938 2518 se
955 2475 1196 2531 contineat,
1212 2485 1285 2518 aut
1301 2475 1354 2518 ad
1371 2474 1487 2518 aliud
1504 2475 1694 2520 studium

331 2555 578 2610 transferat,
604 2554 855 2598 admonebo.
