1843 3166
315 172 383 213 190
826 167 888 200 DE
920 167 1151 200 ORATORE

312 251 465 294 liabent
491 252 531 293 in
557 267 598 293 se
623 267 766 293 veram
796 249 987 303 laudem3
1018 265 1110 307 qua*
1139 248 1283 289 deberi
1313 247 1457 288 virtuti
1484 247 1557 288 uui
1583 264 1656 305 pu-

311 341 426 374 tatur
454 348 462 372 :
488 330 560 373 sed
586 341 746 381 tamen,
771 329 885 387 quod
916 330 1003 388 ipsa
1023 329 1158 369 virtus
1176 328 1215 369 in
1240 342 1388 367 rarum
1420 341 1561 367 rerum
1584 341 1660 367 usu

310 427 358 453 ac
381 410 673 453 moderatione
691 409 871 451 maxim(=
893 408 1103 461 rrrnitur,
1130 405 1350 448 tractanda
1366 405 1492 446 etiam
1517 405 1557 445 in
1580 403 1663 446 lau-

310 490 553 532 dationibus
582 490 668 531 lia=r
694 497 789 530 suut
820 497 981 529 naun-w
1005 497 1046 528 vt
1072 487 1254 528 fortuna·
1281 485 1414 537 bona,
1440 484 1479 525 in
1509 483 1663 541 quibus

309 579 373 612 est
399 586 561 612 summa
587 568 700 623 laus,
727 584 811 609 non
832 566 1033 608 extulisse
1054 582 1095 607 31·
1115 567 1154 607 111
1178 573 1407 624 potestate,
1433 580 1517 605 non
1537 562 1663 604 fuisse

310 649 563 692 insolentem
601 649 641 690 in
676 648 874 707 pecunia,
908 664 992 689 non
1025 662 1068 688 se
1097 644 1334 704 proetulisse
1364 644 1455 686 aliis
1488 651 1664 702 propter

310 729 616 771 abundantiam
651 727 853 781 fortunat3
881 736 927 768 ut
957 742 1058 784 opes
1093 735 1129 767 et
1172 725 1305 783 copiae
1343 740 1428 765 non
1455 723 1665 782 superbiat

310 807 536 849 videantur
561 824 608 849 ae
637 805 828 860 libidini,
856 805 928 847 scd
949 805 1130 848 bonitati
1156 821 1204 847 ac
1229 803 1515 846 moderationi
1535 802 1666 846 facul-

311 897 438 930 tatem
465 896 505 929 et
531 887 754 928 materiam
776 885 955 927 dedisse.

373 968 523 1009 Virtus
549 976 714 1020 autem⁷
745 982 840 1024 quoe
866 975 929 1008 est
954 982 1031 1025 per
1058 981 1100 1007 se
1126 966 1215 1023 ipsa
1241 963 1487 1018 laudabilis,
1511 973 1553 1006 et
1575 963 1665 1004 sinc

311 1063 394 1104 qua
414 1044 520 1087 nihil
541 1044 705 1087 laudari
727 1055 887 1104 potest,
910 1055 1052 1087 tamen
1068 1045 1198 1087 habet
1214 1044 1358 1103 plures
1379 1053 1541 1103 parte83
1565 1060 1667 1101 qua-

310 1142 404 1168 rum
428 1124 509 1167 alia
539 1134 604 1167 est
625 1124 678 1167 ad
703 1123 995 1167 laudationem
1017 1125 1169 1182 aptior.
1200 1126 1309 1167 Sunt
1333 1124 1446 1165 enim
1472 1121 1562 1164 aliae
1585 1121 1669 1163 vir-

310 1214 440 1259 tutes,
473 1220 568 1263 quae
601 1204 803 1246 videntur
839 1205 880 1245 in
916 1204 1108 1246 moribus
1132 1203 1382 1257 hominum,
1413 1212 1451 1244 ct
1482 1201 1668 1261 quadam

310 1284 513 1326 comitate
527 1300 574 1326 ae
594 1284 879 1326 beneficentia
902 1284 1072 1343 positam
1095 1281 1208 1338 aliae,
1228 1299 1322 1341 quae
1351 1283 1393 1325 in
1411 1281 1570 1341 ingenii
1592 1279 1669 1323 ati-

1015 1363 1239 1405 ‹mitudine
1273 1380 1322 1405 ac
1357 1362 1525 1405 robore.
1559 1362 1669 1405 Nam

1014 1398 1036 1422 t>

311 1442 561 1498 clementia,
589 1444 778 1502 justitia,
810 1443 1079 1502 benignitas,
1110 1441 1232 1496 sides,
1252 1441 1461 1484 fortitudo
1487 1442 1530 1483 in
1558 1441 1672 1499 peri-

311 1380 394 1422 qua
420 1363 638 1417 facultate,
676 1374 751 1406 aut
776 1364 907 1406 animi
941 1380 1009 1405 ma

311 1521 416 1564 culis
446 1523 769 1577 communibus,
789 1521 984 1580 jucunda
1011 1531 1075 1563 est
1104 1521 1252 1563 auditu
1273 1522 1314 1563 in
1339 1521 1670 1564 laudationibus.

375 1604 537 1645 Omnes
558 1604 672 1644 enim
702 1602 766 1644 hae
789 1602 969 1643 virtutes
994 1617 1080 1642 non
1106 1610 1193 1642 tam
1216 1601 1341 1659 ipsis,
1368 1602 1440 1659 qui
1468 1617 1537 1643 eas
1564 1601 1606 1642 111
1631 1617 1673 1642 se

312 1682 491 1735 habent,
516 1699 644 1741 quam
674 1682 821 1741 generi
839 1681 1091 1733 hominum,
1118 1679 1348 1722 fructuosae
1363 1689 1583 1739 putantur.
1605 1680 1676 1721 Sa-

313 1762 477 1821 pientia
498 1771 540 1804 et
567 1760 822 1820 magnitudo
845 1761 998 1814 animi,
1021 1776 1107 1820 qua
1124 1775 1272 1802 omnes
1303 1775 1370 1802 res
1391 1759 1591 1802 humanae
1616 1768 1676 1801 te-

316 1857 420 1883 nues
447 1851 489 1883 et
509 1858 588 1901 pro
613 1840 748 1884 nihilo
774 1850 1003 1901 putantur,
1028 1850 1070 1883 et
1098 1841 1141 1883 in
1162 1839 1448 1900 excogitando
1474 1840 1537 1881 vis
1561 1854 1677 1898 quae-

316 1920 415 1963 dam
439 1921 620 1981 ingenii,
645 1931 685 1964 et
714 1922 804 1981 ipsa
824 1921 1094 1981 eloquentia,
1118 1920 1415 1964 admirationis
1438 1920 1568 1962 habet
1590 1935 1676 1961 non

315 2001 477 2054 minus,
506 2000 793 2059 jucunditatis
824 2001 965 2043 minus
991 2018 999 2043 2
1038 2002 1151 2060 ipsos
1185 2001 1298 2044 enim
1327 2000 1463 2059 magis
1494 1998 1677 2053 videtur,

316 2095 422 2138 quos
446 2078 694 2135 laudamus,
714 2097 843 2139 quam
859 2079 974 2134 illos,
992 2081 1106 2139 apud
1124 2097 1231 2140 quos
1253 2080 1498 2134 laudamus,
1523 2095 1679 2121 ornare

314 2173 364 2200 ac
398 2159 522 2201 tueri.
559 2158 640 2201 Sed
668 2169 811 2202 tamen
844 2161 888 2202 in
914 2159 1132 2202 laudando
1153 2159 1377 2219 jungenda
1415 2168 1517 2202 sunt
1548 2160 1677 2202 etiam

315 2236 405 2279 haee
423 2253 579 2297 genera
592 2239 804 2281 virtutum
824 2257 832 2281 :
851 2239 996 2282 ferunt
1012 2240 1126 2282 enim
1143 2255 1266 2282 aures
1283 2240 1528 2291 hominum,
1543 2255 1677 2298 quum

317 2315 408 2371 illa,
436 2333 529 2376 quae
550 2317 764 2376 jucunda,
792 2329 833 2361 et
863 2328 1002 2379 grata,
1030 2329 1121 2362 tum
1148 2320 1274 2362 etiam
1299 2318 1390 2375 illa,
1425 2334 1519 2378 quae
1547 2319 1677 2360 mira-

317 2395 421 2438 bilia
447 2407 548 2439 sunt
571 2397 612 2439 in
639 2398 817 2453 virtute,
844 2398 1023 2441 laudari.

379 2477 602 2520 LXXXV.
624 2479 679 2519 Et
694 2480 898 2537 quoniam
918 2479 1185 2539 singularum
1206 2481 1415 2522 virtutum
1437 2486 1537 2519 sunt
1563 2486 1679 2519 certa

318 2554 511 2614 quaedam
551 2555 693 2599 officia
717 2574 764 2601 ac
791 2574 988 2614 munera,
1026 2568 1068 2601 et
1103 2574 1179 2600 sua
1207 2559 1362 2616 cuique
1397 2557 1548 2600 virtuti
1587 2556 1679 2600 laus
