1843 3166
735 258 875 291 LIBER
907 259 932 290 Ι.
1467 262 1511 295 9Ϊῖ

148 343 329 387 artificio
373 342 550 403 proprio
592 339 797 400 palaestrae
818 374 828 393 ,
877 339 946 383 sed
1000 339 1155 382 iudicat
1206 342 1293 400 ipse
1339 354 1479 387 motus
1500 380 1510 399 ,

147 423 431 467 didicerintne
457 419 723 481 palaestram,
746 436 799 462 an
830 420 1019 462 nesciant
1043 437 1051 461 :
1077 429 1119 463 et
1145 421 1218 479 qui
1251 419 1410 479 aliquid
1435 423 1511 466 fin-

145 513 280 563 gunt,
311 492 389 547 etsi
424 511 518 560 tum
553 502 722 561 pictura
763 499 866 543 nihil
904 509 1118 555 utuntur,
1161 510 1325 557 tamen,
1362 511 1507 546 utrum

144 583 281 627 sciant
306 570 504 643 pingere,
531 597 584 624 an
617 575 830 633 nesciant,
858 597 944 623 non
977 580 1210 624 obscurum
1240 591 1302 623 est
1330 598 1338 623 :
1376 582 1435 624 sic
1465 584 1506 625 in

142 662 411 706 orationibus
432 661 550 705 hisce
577 661 679 720 ipsis
698 659 985 720 judiciorum,
1011 661 1291 715 concionum,
1312 671 1505 717 senatus,

140 741 306 786 etiarnsi
330 742 516 803 propriae
539 750 688 784 ceterae
716 758 804 784 non
830 739 1092 784 adhibentur
1115 750 1248 796 artes,
1279 750 1420 784 tamen
1447 741 1506 784 fa-

139 820 218 864 cile
241 819 503 877 declaratur,
521 831 670 864 utrum
695 822 751 877 is,
773 823 847 880 qui
871 819 1004 875 dicat,
1027 810 1329 865 tantummodo
1353 822 1396 864 in
1423 822 1504 865 lioc

139 900 444 946 declamatorio
463 902 517 945 sit
535 918 664 962 opere
680 902 888 962 jactatus,
911 918 964 944 an
981 901 1034 945 ad
1052 901 1284 945 dicendum
1302 902 1502 945 omnibus

138 982 334 1042 ingenuis
358 982 523 1025 artibus
554 983 792 1026 instructus
819 983 1060 1026 accesserit.

198 1063 337 1105 XVII.
375 1065 486 1105 Tum
525 1062 668 1106 ridens
697 1061 884 1106 Scaevola
913 1080 920 1105 :
952 1064 1052 1106 Nou
1087 1061 1303 1117 luctabor,
1342 1064 1502 1121 inquit,

136 1153 297 1197 tecum,
331 1145 504 1197 Crasse,
539 1142 736 1202 amplius.
774 1142 822 1185 ld
859 1143 973 1185 enim
1009 1143 1177 1201 ipsum,
1203 1141 1320 1201 quod
1350 1152 1499 1186 contra

136 1239 200 1264 ine
233 1221 404 1265 locutus
439 1239 502 1277 es,
538 1222 719 1265 artificio
757 1221 946 1281 quodam
988 1238 1031 1264 es
1067 1230 1344 1273 consecutus,
1383 1230 1429 1264 ut
1458 1231 1499 1264 et

133 1301 258 1356 mihi,
286 1318 380 1361 quae
409 1318 488 1361 ego
516 1301 663 1344 vellem
691 1318 776 1343 non
803 1317 892 1343 esse
921 1301 1124 1354 oratoris,
1149 1300 1432 1343 concederes:
1459 1311 1498 1343 et

132 1397 178 1423 ea
207 1383 297 1441 ipsa
324 1382 468 1424 nescio
496 1380 715 1440 quomodo
744 1397 894 1423 rursus
923 1379 1223 1439 detorqueres,
1247 1388 1375 1439 atque
1401 1396 1497 1422 ora-

131 1461 215 1504 tori
242 1462 418 1522 propria
443 1460 647 1504 traderes.

193 1544 294 1586 Haec
333 1558 468 1601 quum
505 1558 584 1602 ego
621 1552 779 1601 praetor
815 1541 1018 1584 Rhodum
1055 1542 1284 1596 venissem,
1323 1550 1363 1583 et
1396 1558 1495 1584 cum

131 1639 303 1666 summo
330 1621 402 1665 illo
423 1621 600 1665 doctore
624 1622 745 1665 istius
769 1620 1004 1680 disciplinae
1030 1618 1281 1681 Apollonio,
1308 1637 1378 1676 ea,
1402 1637 1496 1680 quae

130 1718 152 1744 a
180 1702 370 1746 Panaetio
401 1717 669 1761 acceperam,
697 1698 975 1744 contulissem
1006 1717 1013 1741 :
1045 1700 1175 1742 irrisit
1201 1698 1269 1742 ille
1295 1699 1493 1759 quidem,

131 1791 177 1824 ut
209 1781 392 1837 solebat,
431 1780 749 1841 philosophiam
792 1790 921 1839 atque
960 1780 1238 1840 contempsit,
1275 1778 1494 1839 multaque

131 1877 215 1903 uon
251 1870 339 1904 tam
373 1861 560 1921 graviter
594 1859 719 1915 dixit,
754 1875 884 1918 quam
919 1859 1065 1902 facete.
1105 1861 1199 1902 Tua
1234 1869 1378 1902 autem
1413 1858 1494 1901 fuit

128 1941 265 1984 oratio
291 1940 524 2000 ejusmodi,
549 1957 636 1983 non
670 1950 716 1982 ut
750 1938 880 1982 ullam
911 1948 1046 1982 artem
1074 1938 1370 1981 doctrinamve
1396 1955 1494 1981 con—

127 2031 361 2076 temneres,
398 2020 471 2064 sed
507 2031 554 2064 ut
587 2036 736 2063 omnes
774 2021 950 2063 ‹romites
981 2036 1029 2062 ac
1058 2019 1274 2061 ministras
1310 2019 1490 2060 oratoris

127 2117 218 2144 esse
241 2101 415 2145 diceres.

187 2181 309 2237 Quas
327 2197 431 2242 ego,
449 2182 482 2224 si
501 2182 596 2240 quis
614 2181 668 2225 sit
692 2197 804 2224 unus
825 2178 1074 2240 complexus
1097 2194 1267 2231 omnes,
1292 2176 1490 2236 idemque

124 2262 158 2303 si
179 2259 233 2303 ad
256 2277 326 2304 eas
350 2260 572 2304 facultates
600 2262 724 2304 istam
750 2260 1031 2304 ornatissimae
1054 2258 1261 2301 orationis
1284 2257 1489 2317 adjunxe-

124 2342 206 2395 rit;
231 2356 318 2384 non
353 2357 529 2401 possum
565 2340 726 2395 dicere,
754 2356 853 2382 eum
888 2355 975 2382 non
1007 2339 1227 2399 egregium
1257 2336 1489 2397 quemdam

124 2421 343 2464 hominem
373 2429 502 2480 atque
526 2419 830 2463 admirandum
858 2417 948 2462 fore
973 2436 981 2461 :
1008 2417 1085 2462 sed
1114 2419 1168 2472 is,
1199 2419 1229 2460 si
1259 2418 1333 2476 qui
1357 2426 1488 2472 esset,

126 2510 200 2544 aut
213 2502 248 2545 si
262 2502 390 2544 etiam
403 2517 595 2560 unquam
611 2500 774 2556 fuisset,
789 2508 862 2542 aut
877 2515 976 2542 vero
992 2500 1026 2543 si
1037 2514 1127 2542 esse
1136 2507 1298 2558 posset,
1318 2506 1363 2539 tu
1378 2512 1487 2540 esses

126 2596 238 2623 unus
261 2580 473 2640 profecto,
495 2581 569 2639 qui
595 2590 637 2623 et
661 2596 756 2623 meo
777 2578 960 2639 judicio,
986 2588 1027 2621 et
1053 2578 1248 2621 omnium
1271 2577 1336 2618 vix
1357 2574 1487 2617 ullam

126 2661 274 2703 ceteris
290 2660 532 2703 oratoribus
552 2660 673 2720 space
689 2660 843 2702 horum
860 2657 1059 2717 dixcrim)
1076 2651 1243 2700 laudem
1265 2654 1485 2714 reliquisti,
