1843 3166
339 201 357 234 3
364 198 382 233 3
389 209 407 232 2
843 204 906 238 DE
937 204 1181 240 ORATORE.

336 278 481 323 Itaque,
501 283 541 311 ut
572 289 669 323 reor,
693 278 752 313 hic
783 278 918 315 dicitur
945 283 1065 328 Vespa
1091 280 1301 325 Terentius,
1326 287 1387 325 ut,
1413 280 1450 315 in
1470 281 1690 328 Miloniana,

334 338 436 383 Popa
464 337 641 382 Licinius,
660 338 698 373 id
716 346 769 374 est
782 366 791 383 ‚
814 340 1050 377 sacrificulus.
1070 341 1107 376 Si
1129 341 1187 377 cui
1208 348 1328 376 tamen
1345 342 1474 388 Vespae
1494 342 1690 389 proprium

334 410 470 433 nomen
498 411 573 434 esse
598 400 779 446 videatur,
806 415 882 437 non
901 404 1136 438 vehementer
1164 410 1292 439 contra
1310 403 1487 451 pugnabo
1515 416 1524 438 2
1549 411 1692 439 tantum

334 459 425 505 quid
445 461 617 506 sentiam,
638 461 822 498 testificor.
843 465 962 499 Tmm.

388 521 544 555 Granius
558 548 569 563 ‚
598 538 612 554 «
625 536 696 557 non
717 536 796 558 esse
814 525 1004 559 sextantis.
1024 540 1037 555 υ
1058 526 1078 560 J
1083 537 1171 560 ocus
1196 531 1249 560 est
1268 536 1314 559 ex
1338 523 1524 572 ambiguo.
1547 524 1694 560 Dicitur

335 581 431 615 enim
452 595 528 616 non
554 595 629 618 esse
649 585 840 629 sextantis,
861 586 966 632 quod
992 586 1108 632 pluris
1134 593 1202 630 est,
1233 585 1272 620 id
1302 592 1375 629 est,
1406 585 1511 632 quod
1537 592 1590 620 est
1614 598 1693 621 ma·-

334 641 395 688 gni
410 643 537 687 pretii3
563 650 598 677 et
615 656 693 679 non
713 657 788 680 esse
808 646 983 681 sextantis
1006 646 1115 681 etiam
1141 646 1290 691 dicitur,
1316 645 1420 692 quod
1444 645 1597 681 minoris
1621 653 1695 691 est,

335 702 370 735 id
393 709 445 736 est
477 703 580 749 quod
604 704 740 740 nullius
760 718 878 752 prope
905 707 1027 753 pretii.
1050 708 1145 741 Nam
1166 719 1244 741 non
1266 712 1395 753 putem
1421 706 1548 742 diduci
1568 713 1604 741 et
1635 707 1696 742 di—

334 761 446 796 strahi
465 763 620 797 verbum
647 763 803 810 debere,
828 772 869 800 ut
895 778 957 800 sex
980 766 1091 800 tantis
1112 766 1268 810 dicatur,
1287 778 1364 812 quo
1393 766 1469 802 fere
1499 767 1613 802 modo
1636 768 1696 802 in-

333 829 594 868 terpretantur.
632 824 692 859 Sic
726 825 840 861 illusit
872 826 1061 861 hominem
1090 826 1195 861 nihili
1236 826 1395 862 Granius
1408 853 1419 870 ,
1453 839 1569 874 quum
1611 840 1695 862 eum

334 882 484 918 laudare
503 883 704 921 videretur.
724 887 887 921 Pretium
907 887 1005 922 enim
1023 887 1061 921 in
1079 887 1292 922 hominibus
1312 887 1484 923 dicebant
1503 894 1587 922 orta
1606 900 1692 923 con-

334 944 526 980 suetudine
553 946 599 980 ab
615 947 801 994 emptione
824 960 1024 983 servorum.
1046 950 1168 983 Tum.
1182 949 1399 983 —Sextans
1418 955 1471 983 est
1496 955 1598 983 sexta
1609 960 1695 995 pars

334 1005 430 1039 assis.
454 1007 526 1040 Res
551 1006 673 1053 aliqua
700 1009 823 1056 magni
844 1009 955 1055 pretii
974 1022 1050 1045 esse
1070 1010 1274 1045 dicebatur.
1295 1010 1454 1044 Granius
1479 1009 1572 1044 dixit
1598 1010 1697 1045 illam

333 1077 410 1099 non
431 1078 506 1101 esse
529 1068 714 1103 sextantis.
740 1069 969 1117 Ambiguum
989 1077 1042 1105 est
1072 1083 1079 1104 :
1101 1070 1131 1105 si
1150 1069 1264 1115 enim,
1289 1077 1331 1105 ut
1348 1083 1423 1106 vox
1441 1071 1574 1115 unica,
1600 1083 1694 1117 pro-

334 1126 539 1171 nuntietur,
566 1128 747 1176 significat
765 1130 978 1165 vilissimum
999 1138 1035 1165 et
1053 1130 1247 1165 minimum
1265 1131 1438 1178 pretium.
1465 1131 1504 1166 Si
1529 1139 1697 1178 separate

335 1187 478 1234 legatur
496 1201 564 1223 sex
584 1192 720 1234 tantis,
742 1203 866 1226 sensus
890 1191 958 1226 erit
978 1204 986 1226 :
1015 1191 1052 1226 id
1068 1191 1114 1226 de
1134 1204 1212 1238 quo
1234 1191 1356 1239 agitur
1370 1220 1379 1237 ‚
1397 1204 1475 1227 non
1493 1204 1569 1228 esse
1589 1205 1697 1228 com-

335 1249 542 1294 parandum
573 1258 608 1285 et
633 1251 939 1299 aequiparandum
968 1264 1032 1287 sex
1057 1252 1135 1287 aliis
1166 1252 1298 1297 tantis,
1324 1265 1388 1288 seu
1413 1253 1529 1300 pluris
1556 1254 1699 1298 valere,

337 1321 447 1355 quam
469 1311 537 1346 alia
556 1324 637 1354 seit,
656 1319 763 1348 tantae
783 1326 847 1348 seu
866 1314 1015 1360 aequalis
1036 1313 1302 1362 magnitudinis
1320 1320 1356 1349 et
1378 1314 1510 1361 pretii,
1524 1314 1697 1361 adeoque

336 1381 411 1404 esse
430 1383 507 1404 rem
525 1373 633 1406 valde
650 1373 864 1418 pretiosam.
881 1376 1017 1408 Pnusr.

391 1430 478 1464 Cap.
498 1431 636 1466 LXIII.
662 1433 707 1466 Ut
726 1433 958 1467 Nobiliorem.
984 1433 1157 1468 Fulvium
1176 1435 1397 1469 Nobiliorem
1418 1432 1516 1482 (eum
1543 1446 1697 1470 accusa-

337 1496 439 1523 verat
458 1490 571 1534 Cato,
591 1491 701 1538 eique
731 1499 772 1526 ut
792 1492 975 1538 probrum
993 1493 1201 1538 objecerat,
1227 1495 1332 1540 quod
1359 1501 1487 1539 poetas
1515 1507 1637 1529 secum
1659 1494 1698 1529 in

336 1549 567 1594 provinciam
587 1549 776 1600 duxisset).
796 1552 1025 1586 Mobiliorem
1054 1554 1146 1587 Cato
1165 1554 1380 1600 appellavit,
1411 1554 1489 1600 ejus
1514 1554 1700 1589 levitatem

323 1616 491 1655 ‘notan53
520 1612 625 1658 quod
649 1611 849 1646 maximum
875 1612 977 1659 apud
1006 1614 1215 1657 Romanos,
1244 1614 1428 1649 studiosos
1451 1614 1637 1662 gravitatis
1663 1623 1700 1650 et

339 1671 569 1717 constantiae,
598 1672 736 1708 crimen
761 1680 849 1708 erat.
872 1675 995 1709 TURN.
1014 1694 1066 1699 -
1089 1672 1159 1708 Hic
1182 1674 1333 1708 Fulvius
1358 1686 1404 1710 ex
1429 1674 1562 1709 AEtolis
1593 1675 1701 1710 duxit

338 1732 567 1780 triumphum
587 1746 617 1768 a.
639 1735 684 1769 U.
712 1736 751 1770 C.
781 1733 866 1779 567.

391 1794 690 1829 Deambulatum.
720 1795 1052 1842 Reprehendebat,
1079 1795 1185 1843 quod
1208 1797 1302 1830 male
1329 1803 1420 1831 esset
1448 1796 1560 1831 latine
1591 1797 1700 1832 locu-

339 1860 415 1899 tus,
443 1867 559 1901 quum
586 1857 813 1891 ambulatum
840 1856 960 1892 dicere
980 1856 1174 1892 debuisset.
1204 1857 1424 1904 Plerumque
1452 1863 1575 1892 tamen
1597 1870 1701 1892 com-

338 1916 458 1962 posita
477 1916 574 1951 idem
595 1917 697 1964 quod
718 1917 894 1964 simplicia
912 1918 1139 1967 significant,
1160 1925 1202 1953 ut
1220 1918 1457 1952 deambulare
1475 1930 1545 1964 pro
1564 1918 1698 1953 ambu-

340 1980 418 2013 lare
439 1980 530 2014 Cato
551 1979 685 2014 dixerit
704 1979 826 2015 latine.
846 1981 942 2015 ERN.

395 2039 436 2073 Si
451 2047 485 2073 tu
507 2047 544 2074 et
562 2040 754 2084 adversus,
777 2048 813 2074 et
830 2053 985 2076 aversus.
1007 2039 1148 2086 Objicit
1168 2039 1448 2075 obscoenitatem
1466 2039 1560 2085 oris,
1581 2053 1697 2087 quum

338 2101 529 2134 aduersum
549 2100 704 2145 dicit‚et
715 2101 932 2146 muliebria,
947 2114 1063 2148 quum
1081 2113 1244 2135 aversum
1254 2113 1268 2143 ,-
1285 2113 1332 2135 ne
1352 2100 1435 2147 quis
1455 2108 1698 2137 scortatorem

339 2166 401 2194 aut
422 2160 632 2195 adulterum
659 2162 812 2209 cogitet,
834 2175 927 2208 quos
955 2163 1076 2197 Latini
1101 2175 1179 2197 non
1199 2169 1334 2196 vocant
1354 2162 1574 2208 impudicos.
1604 2163 1700 2198 Nam

339 2222 568 2267 impudicitia
594 2230 647 2257 est
671 2223 710 2257 in
729 2223 919 2269 patiendo.
946 2224 1069 2259 Simile
1091 2223 1270 2271 quiddam
1288 2223 1458 2259 Arcesilae
1476 2224 1635 2259 refertur
1660 2224 1699 2258 in

338 2283 526 2318 hominem
546 2290 685 2318 castum
703 2283 807 2318 illum
827 2285 978 2331 quidem
997 2292 1032 2321 et
1051 2286 1236 2333 integrum
1250 2311 1260 2329 ‚
1278 2296 1371 2319 voce
1389 2291 1512 2320 tamen
1530 2284 1698 2330 infracta,

339 2349 375 2376 et
404 2342 536 2389 capillo
564 2344 791 2390 composito,
816 2352 851 2380 et
880 2346 995 2381 oculis
1020 2345 1256 2381 illecebrosis.
1283 2344 1385 2379 Nihil
1405 2344 1581 2380 interesse
1608 2345 1698 2392 qui—-

338 2402 408 2437 bus
427 2404 599 2439 membris
626 2404 793 2441 homines
825 2406 959 2442 cinoedi
987 2414 1090 2451 sunt,
1118 2406 1390 2453 posterioribus
1422 2418 1468 2441 an
1494 2406 1697 2452 prioribus.

338 2464 460 2499 TmzN.
480 2485 531 2490 —
548 2466 626 2500 Nec
656 2472 691 2500 te
708 2475 854 2502 moveat
882 2468 1102 2504 obscoenitas
1132 2468 1285 2516 indigna
1313 2466 1456 2502 liberali
1483 2467 1583 2513 joco.
1610 2467 1697 2502 Non

340 2524 437 2558 enim
464 2525 660 2571 jocabatur
682 2527 790 2572 Cato,
813 2541 929 2575 quum
958 2529 1096 2564 diceret
1124 2529 1211 2564 haec.
1235 2529 1279 2563 In
1305 2527 1427 2563 verbis
1451 2540 1533 2575 quae
1560 2527 1699 2563 cadunt

339 2585 521 2629 jucunde,
544 2599 619 2620 non
643 2586 680 2620 in
702 2600 756 2631 re,
776 2588 847 2623 hoc
867 2589 1006 2624 dictum
1027 2590 1185 2625 facetum
1208 2596 1271 2624 est.
1293 2589 1430 2624 Suum.
