1843 3166
322 206 392 230 202
833 195 896 230 DE
926 195 1157 231 ORATORE

321 280 544 339 ignoscetis
569 280 783 340 proscct0,
803 280 836 322 si
861 279 1009 336 modo,
1036 296 1129 339 quae
1146 295 1271 323 causa
1298 295 1364 322 me
1386 278 1439 323 ad
1464 281 1575 325 hanc
1601 282 1663 325 in-

318 358 484 403 solitam
506 360 609 403 mihi
632 359 933 420 loquacitatem
958 359 1198 419 impulerit,
1222 360 1484 419 acceperitis.

382 442 622 484 LXXXIX.
653 441 816 484 —Nos
851 456 975 495 vero,
1001 440 1139 498 inquit
1171 438 1351 483 Catulus
1378 438 1555 500 (etenim
1587 457 1665 499 pro

320 537 386 563 mc
409 521 513 575 hoc,
533 530 574 563 ct
602 536 681 580 pro
709 536 802 563 mco
839 519 970 563 fratre
1003 518 1287 579 respondeo),
1313 536 1399 562 non
1427 519 1556 563 modo
1588 521 1665 563 tibi

316 602 600 660 ignoscimus,
628 598 700 642 scd
722 610 762 643 tc
783 598 1021 659 diligimus,
1047 615 1335 658 magnamque
1356 599 1434 642 tihi
1458 600 1665 644 habemus

315 681 514 739 grati1nn3
541 689 581 722 et
606 695 741 737 quum
772 679 1082 721 humanitatem
1114 688 1156 721 ct
1190 678 1435 722 facilitatem
1471 681 1667 740 agnosci-

314 776 407 801 mus
430 769 570 814 tuam,
598 768 686 801 tum
716 757 981 801 admiramur
1010 758 1132 801 istam
1162 758 1384 801 scientiam
1412 769 1453 802 et
1482 761 1663 819 copiam.

312 838 523 897 Equidem
555 839 684 881 ctiam
721 838 803 881 hoc
833 854 899 880 mc
924 846 1164 881 assecutum
1200 847 1329 897 puto,
1365 839 1482 898 quod
1509 856 1666 899 magno

313 935 406 961 sum
434 918 593 962 levatus
618 935 783 975 errore,
812 927 854 961 et
879 916 950 960 illa
982 917 1263 961 admiratione
1292 917 1518 975 liberatus,
1550 920 1667 979 quod

312 999 457 1041 multis
484 1015 581 1043 cum
612 998 703 1042 aliis
729 1015 898 1058 semper
930 997 1135 1041 admirari
1170 996 1383 1055 solebam,
1412 999 1527 1042 unde
1559 1011 1668 1044 esset

312 1076 382 1120 illa
406 1088 523 1121 tanta
548 1088 619 1121 tua
652 1079 696 1121 in
722 1078 859 1121 causis
888 1077 1087 1120 divinitas
1109 1093 1118 1119 :
1144 1093 1222 1121 ncc
1245 1078 1358 1121 enim
1389 1087 1430 1122 te
1463 1080 1543 1122 ista
1569 1080 1668 1123 attin

310 1159 420 1218 gissc
443 1158 707 1215 arbitrabar,
740 1174 834 1218 quae
864 1157 1188 1218 diligentissime
1210 1175 1436 1218 cognosse,
1471 1170 1512 1203 et
1539 1160 1667 1204 undi-

309 1253 392 1296 que
420 1236 658 1297 collegisse,
695 1253 862 1297 usuque
885 1237 1062 1280 doctum
1082 1238 1241 1297 partim
1267 1238 1499 1282 correxisse
1517 1239 1666 1295 video,

310 1317 465 1376 partim
488 1318 797 1377 comprobasse.

372 1398 523 1456 Neque
548 1413 597 1440 eo
625 1398 766 1440 minus
793 1396 1085 1456 eloquentiam
1116 1407 1256 1451 tuam,
1282 1408 1325 1441 et
1357 1397 1495 1442 multo
1527 1399 1661 1460 magis

311 1478 512 1520 virtutem
533 1487 574 1520 et
591 1476 860 1538 >diligentiam
886 1477 1097 1533 admiror;
1123 1487 1164 1521 et
1186 1477 1313 1521 simul
1332 1478 1518 1538 gaudeo,
1546 1479 1664 1539 judi-

309 1557 421 1599 cium
444 1557 574 1599 animi
599 1558 681 1599 mei
696 1557 989 1616 comprobari,
1013 1556 1131 1616 quod
1155 1573 1320 1617 semper
1346 1559 1497 1612 statui,
1529 1560 1663 1602 nemi—

310 1652 406 1679 nem
434 1637 651 1696 sapientiae
668 1636 837 1679 laudem
853 1646 894 1680 et
919 1635 1174 1696 eloquentiae
1193 1637 1285 1680 sine
1305 1654 1473 1680 summo
1500 1639 1662 1695 studio,

308 1725 350 1758 et
377 1714 546 1773 labore,
568 1726 610 1760 et
634 1717 849 1773 doctrina,
877 1717 1080 1776 consequi
1105 1732 1241 1775 posse.
1263 1716 1347 1760 Sed
1368 1726 1510 1760 tamen
1537 1718 1663 1777 quid-

310 1812 407 1839 nam
429 1806 490 1839 est
517 1796 578 1853 id,
609 1796 726 1856 quod
761 1796 928 1852 dixisti,
956 1795 1067 1851 fore,
1091 1805 1139 1839 ut
1165 1796 1242 1839 tibi
1267 1797 1602 1856 ignosceremus,
1628 1799 1663 1841 si

307 1891 628 1936 cognossemus,
668 1893 762 1936 quae
804 1886 843 1920 te
881 1892 1010 1920 causa
1043 1876 1087 1917 in
1117 1892 1359 1919 sermonem
1394 1876 1663 1937 impulisset?

307 1956 416 2011 Quae
439 1967 501 1999 est
519 1957 631 1999 enim
650 1955 731 1999 alia
752 1972 903 2011 causa,
926 1956 1007 1998 nisi
1027 1954 1143 2014 quod
1158 1955 1280 1998 nobis
1294 1989 1306 2012 ,
1327 1965 1367 1998 et
1388 1956 1544 1999 horum
1565 1956 1663 2000 ado-

306 2034 556 2079 lescentium
582 2036 748 2091 studio,
777 2037 905 2095 quite
918 2034 1199 2078 attentissime
1222 2033 1473 2089 audierunt,
1495 2052 1661 2080 morem

306 2132 450 2174 gerere
473 2115 670 2159 voluisti?

365 2197 552 2238 —Tum
580 2194 672 2251 ille,
700 2195 919 2249 Adimere,
959 2195 1122 2255 inquit,
1150 2211 1319 2238 omnem
1345 2197 1660 2240 recusationem

303 2275 456 2317 Crasso
483 2273 624 2329 volui,
653 2291 779 2334 quem
803 2292 882 2335 ego
906 2274 1051 2335 paullo
1076 2275 1282 2328 sciebam,
1314 2274 1379 2318 vel
1402 2275 1631 2335 pudentius
1648 2310 1660 2332 ,

302 2351 368 2394 vel
392 2352 567 2395 invitius
583 2352 707 2413 (nolo
728 2356 841 2397 enim
868 2354 1010 2398 dicere
1041 2353 1093 2397 de
1120 2364 1209 2397 tam
1230 2355 1350 2397 suavi
1373 2354 1546 2398 homine
1571 2354 1656 2399 fas-

302 2430 546 2492 tidiosius),
573 2432 627 2475 ad
649 2433 729 2477 hoc
761 2451 894 2494 genus
917 2435 1126 2478 sermonis
1152 2434 1368 2477 accedere.
1398 2433 1517 2490 Quid
1542 2436 1660 2478 enim

303 2511 460 2568 poterit
472 2510 637 2554 dicere?
655 2513 924 2557 consularem
936 2530 979 2558 se
994 2530 1085 2557 esse
1100 2514 1320 2556 hominem
1330 2522 1372 2555 et
1385 2512 1658 2556 censorium?

304 2589 464 2633 Eadem
494 2600 639 2634 nostra
662 2609 789 2636 causa
820 2604 895 2636 est.
920 2597 987 2637 An
1019 2603 1186 2637 aetatem
1209 2591 1384 2636 afferet?
1412 2592 1658 2648 Quadrien-
