1843 3166
324 170 392 213 148
841 140 906 202 DE
936 165 1172 202 ORATORE

317 256 514 311 doceam,
540 255 612 315 qui
646 255 689 296 in
714 252 958 296 accusando
984 249 1119 294 sodali
1142 259 1184 292 et
1215 257 1426 308 quaestore
1452 261 1572 302 mco,
1599 257 1691 289 tan-

318 348 411 383 tum
432 336 684 381 incendium
706 351 793 378 non
813 335 1010 377 oratione
1026 330 1165 375 solum
1178 365 1189 387 ,
1210 328 1283 373 sed
1298 325 1436 372 multo
1451 327 1581 369 etiam
1600 342 1691 370 ma-

319 420 382 480 gis
406 419 471 475 vi,
500 427 543 461 et
564 416 735 471 dolore,
763 424 806 458 et
831 413 986 457 ardore
1012 413 1145 456 animi
1172 411 1414 455 concitaras
1429 442 1441 462 ,
1463 417 1512 451 ut
1535 423 1616 468 ego
1637 406 1691 451 ad

318 500 362 543 id
385 496 746 559 restinguendum
771 496 841 538 vix
864 509 1045 539 conarer
1071 489 1307 536 accedere?
1329 489 1555 533 Habueras
1577 488 1692 530 enim

321 591 413 624 tum
450 579 595 622 onmia
629 578 673 620 in
705 592 832 620 causa
871 575 1096 635 superiora
1129 590 1138 616 ε
1172 573 1260 615 vim
1282 605 1293 627 ,
1327 569 1496 630 fugam,
1528 567 1694 628 lapida-

321 662 485 704 tionem
507 694 518 715 ,
559 656 861 702 crudelitatem
895 654 1197 708 tribunitiam,
1233 652 1277 694 in
1315 649 1532 710 Caepionis
1573 648 1694 708 gravi

320 737 644 798 miserabilique
678 754 804 791 casu,
835 737 878 779 in
904 735 1117 795 judicium
1149 731 1362 786 vocabas3
1393 729 1550 773 deinde
1577 729 1695 789 prin-

321 822 459 881 cipem
481 829 524 863 et
545 827 740 874 senatus,
768 827 810 860 et
835 815 1023 859 civitatis
1039 849 1050 869 ,
1071 815 1132 856 M.
1155 810 1378 856 AEmilium
1396 844 1407 865 ,
1434 808 1577 869 lapide
1600 825 1697 869 per-

324 918 497 945 cussum
513 916 605 944 esse
619 898 874 950 constabat3
901 896 943 938 vi
966 893 1141 955 pulsum
1166 909 1217 935 ex
1238 890 1400 951 templo
1421 893 1470 934 L.
1494 891 1670 933 Cottam
1684 923 1695 944 ,

323 990 365 1023 et
382 983 432 1023 T.
457 979 659 1032 Didium,
677 993 813 1037 quum
838 973 1112 1018 intercedere
1134 971 1296 1016 vellent
1311 971 1550 1032 rogationi,
1567 986 1696 1013 nemo

322 1069 493 1119 poterat
518 1073 689 1118 negare.

385 1140 590 1184 XLVIII.
634 1136 902 1192 Accedebat,
926 1145 975 1179 ut
999 1135 1091 1178 haec
1113 1143 1161 1178 tu
1186 1131 1437 1177 adolescens
1460 1148 1540 1192 pro
1564 1147 1696 1192 repu—

322 1220 435 1264 blica
448 1218 573 1279 queri
593 1234 760 1263 summa
775 1233 874 1261 cum
887 1215 1099 1277 dignitate
1113 1214 1430 1259 existimavere:
1446 1228 1545 1273 ego,
1562 1211 1696 1256 homo

323 1299 546 1344 censorius
560 1333 572 1355 ,
586 1299 659 1343 vix
680 1298 781 1342 satis
798 1297 981 1341 honeste
1002 1295 1176 1338 viderer
1189 1294 1447 1339 seditiosum
1468 1293 1632 1348 civem,
1654 1302 1697 1336 et

325 1381 369 1423 in
388 1380 576 1424 hominis
597 1377 837 1422 consularis
861 1376 1105 1420 calamitate
1129 1373 1353 1419 crudelem
1367 1408 1379 1428 ,
1398 1389 1524 1434 posse
1547 1372 1695 1417 defen-

324 1460 440 1504 dere.
471 1462 607 1504 Erant
623 1460 779 1520 optimi
799 1459 914 1502 cives
934 1456 1127 1518 judices,
1148 1456 1365 1499 bonorum
1390 1455 1585 1498 virorum
1606 1452 1696 1514 ple-

324 1557 429 1584 num
462 1540 629 1593 forum,
659 1541 730 1582 vix
757 1549 807 1583 ut
832 1539 939 1582 mihi
966 1539 1109 1582 tenuis
1136 1537 1334 1598 quaedam
1362 1537 1488 1579 venia
1521 1535 1696 1579 daretur

325 1621 636 1676 excusationis,
667 1619 786 1679 quod
823 1629 967 1663 tamen
1001 1635 1101 1661 eum
1138 1616 1445 1673 defenderem,
1480 1618 1555 1677 qui
1588 1617 1695 1660 mihi

324 1711 512 1762 quaestor
537 1700 701 1744 fuisset.
726 1700 810 1744 Hic
838 1716 919 1761 ego
945 1698 1052 1759 quid
1077 1698 1220 1742 dicam
1245 1714 1314 1741 me
1336 1707 1476 1741 artem
1505 1696 1695 1758 aliquam

324 1780 606 1825 adhibuisse?
638 1780 758 1838 Quid
786 1780 989 1834 fecerim,
1021 1779 1211 1823 narrabo
1245 1795 1254 1821 ε
1294 1779 1329 1821 si
1356 1777 1590 1840 placuerit,
1621 1794 1697 1822 vos

325 1878 464 1905 meam
490 1861 785 1904 defensionem
816 1861 859 1903 in
886 1858 1033 1921 aliquo
1061 1860 1165 1903 artis
1190 1857 1286 1903 loco
1314 1860 1549 1919 reponetis.

387 1943 598 1987 Omnium
631 1941 894 1986 seditionum
919 1958 1100 2003 genera,
1129 1941 1259 1997 vitia,
1288 1939 1484 2001 pericula
1513 1939 1696 2002 collegi,

327 2039 507 2083 eamque
525 2023 768 2066 orationem
790 2039 842 2066 ex
859 2023 979 2066 omni
1002 2021 1252 2083 reipublicae
1271 2031 1429 2065 nostrae
1450 2031 1697 2082 temporum

326 2103 535 2145 varietate
554 2103 758 2162 repetivi,
772 2101 1053 2162 conclusique
1068 2103 1147 2158 ita,
1163 2111 1212 2145 ut
1226 2101 1417 2145 dicerem
1427 2136 1438 2156 ,
1453 2101 1531 2145 etsi
1546 2118 1697 2146 omnes

327 2180 518 2225 molestae
552 2198 722 2242 semper
745 2182 978 2226 seditiones
1005 2182 1211 2238 fuissent,
1238 2182 1375 2242 justas
1399 2191 1544 2225 tamen
1567 2181 1698 2227 fuisse

330 2261 585 2316 nonnullas,
615 2272 658 2305 et
690 2279 826 2323 prope
863 2265 1139 2309 necessarias.
1168 2265 1280 2307 Tum
1311 2262 1403 2315 illa,
1435 2280 1531 2323 quae
1566 2263 1697 2307 modo

329 2343 510 2386 Crassus
526 2344 915 2403 commemorabat,
937 2346 1032 2406 egi3
1056 2361 1199 2405 neque
1218 2361 1343 2406 reges
1364 2361 1416 2388 ex
1426 2344 1507 2387 hac
1522 2344 1698 2388 civitate

331 2423 479 2483 exigi,
517 2439 659 2483 neque
692 2424 891 2469 tribunos
924 2424 1063 2486 plebis
1089 2426 1254 2482 creari,
1290 2441 1432 2485 neque
1460 2423 1699 2485 plebiscitis

332 2504 458 2547 toties
494 2503 767 2548 consularem
805 2516 1063 2566 potestatem
1102 2508 1266 2563 minui,
1308 2522 1449 2566 neque
1490 2523 1699 2566 provoca·

334 2584 515 2642 tionem,
535 2595 762 2645 patronam
786 2585 902 2630 illam
922 2589 1107 2631 civitatis
1123 2623 1134 2643 ,
1159 2605 1208 2631 ac
1230 2587 1443 2630 vindicem
1464 2585 1697 2643 libertatis,
