1843 3166
298 184 366 221 114
820 179 884 213 1)ss
916 155 1154 212 oimTomss

292 262 485 318 audiret,
519 264 566 306 L.
607 263 816 306 Crassum
846 279 853 303 2
894 261 1010 321 qnod
1051 263 1127 304 iste
1165 261 1378 320 arripnit,
1415 268 1456 301 et
1490 259 1548 301 ita
1586 275 1676 302 sese

293 344 509 387 facturum
529 342 826 393 confirmavit,
843 353 974 402 atque
989 343 1119 385 etiam
1134 341 1327 395 addidit,
1348 339 1496 400 gratiae
1513 337 1677 381 scilicet

292 440 441 477 cansa,
482 440 550 466 me
584 438 759 482 quoqne
790 423 868 465 sibi
903 423 1158 482 magistrum
1190 418 1504 463 futui-imi.Vix
1536 433 1679 460 annus

293 507 593 548 intercesserat
618 503 671 546 ab
697 503 778 546 lioc.
803 519 1001 546 sermone
1031 501 1347 545 cohortationis
1373 515 1503 553 meae,
1542 513 1678 557 quum

295 587 373 630 iste
407 586 628 628 accusavit
661 586 710 628 C.
742 584 1029 638 Norbanum,
1064 581 1324 626 defendente
1357 596 1423 623 me
1453 596 1460 621 :
1499 595 1586 622 non
1619 587 1681 620 est

288 663 523 717 credibile,
552 664 657 723 quid
689 665 896 706 interesse
927 663 1032 705 mihi
1063 662 1118 704 sit
1141 662 1278 703 visum
1313 661 1425 701 inter
1452 675 1575 715 eum,
1610 658 1682 716 qui

288 754 380 786 tum
397 753 513 798 erat,
538 753 580 786 et
604 745 677 803 qui
698 760 813 785 anno
833 752 936 785 ante
957 741 1113 784 fuerat.
1144 740 1340 782 Omnino
1357 739 1401 780 in
1423 736 1529 779 illud
1547 753 1684 797 genus

288 840 385 866 eum
419 824 564 867 Crassi
586 822 869 883 magnificum
894 831 1025 880 atque
1046 817 1304 880 praeclarum
1323 827 1480 859 natura
1497 816 1590 875 ipsa
1611 814 1684 858 du-

287 904 438 959 cebat;
472 903 546 946 sed
579 920 625 945 ea
657 919 744 945 non
769 903 873 945 satis
900 900 1111 961 proficere
1143 898 1378 958 potuisset,
1413 896 1495 938 nisi
1527 893 1682 938 eodem

288 983 432 1026 studio
460 993 591 1042 atque
618 982 863 1024 imitatione
883 978 1164 1034 intendisset,
1191 987 1322 1036 atque
1343 977 1402 1019 ita
1421 975 1566 1018 dicere
1586 991 1685 1017 con-

288 1073 475 1118 suesset,
506 1072 554 1104 ut
588 1070 675 1103 tota
703 1069 862 1102 mente.
886 1060 1115 1113 Crassum,
1144 1067 1276 1116 atque
1309 1056 1428 1099 omni
1454 1055 1601 1097 animo
1626 1055 1684 1096 in-

289 1153 497 1187 tueretur.

354 1225 499 1267 XXII.
536 1225 653 1281 Ergo
694 1221 775 1263 hoc
811 1220 866 1262 sit
899 1220 1092 1279 primum
1128 1219 1172 1260 in
1212 1216 1430 1278 preceptis
1465 1215 1600 1271 meis,
1636 1224 1682 1257 ut

292 1305 668 1356 demonstremus,
705 1317 836 1361 quem
864 1300 1060 1343 imitetur
1087 1308 1219 1358 atque
1242 1299 1324 1353 ita,
1364 1306 1438 1352 ut,
1467 1312 1562 1355 quae
1597 1312 1682 1338 ma-

293 1386 406 1428 xime
436 1381 650 1426 excellant
668 1382 712 1424 in
731 1398 804 1435 eo,
832 1396 962 1440 quem
982 1378 1241 1433 imitabitur,
1269 1393 1320 1420 ea
1349 1375 1681 1436 diligentissime

294 1472 612 1525 persequatur:
632 1472 724 1505 tum
756 1459 934 1504 accedat
963 1458 1230 1509 exercitatio,
1254 1474 1341 1516 qua
1372 1454 1518 1511 illum,
1549 1472 1678 1515 quem

296 1553 396 1587 ante
416 1540 640 1601 delegerit,
662 1538 872 1583 imitando
891 1538 1087 1597 effingat,
1110 1547 1239 1596 atque
1257 1538 1315 1580 ita
1335 1537 1567 1597 exprimat,
1588 1552 1675 1579 non

297 1630 346 1663 ut
362 1619 524 1663 multos
541 1619 780 1661 imitatores
799 1633 911 1677 saepe
921 1617 1132 1677 cognovi,
1153 1617 1227 1676 qui
1249 1627 1325 1660 aut
1344 1634 1413 1673 ea,
1433 1634 1528 1677 quoe
1539 1614 1677 1659 facilia

297 1709 400 1743 sunt
416 1734 427 1752 ‚
451 1709 528 1742 aut
554 1698 684 1741 etiam
711 1697 802 1753 illa,
824 1713 920 1757 quae
942 1696 1129 1756 insignia
1153 1713 1202 1739 ae
1225 1713 1348 1757 paene
1374 1697 1551 1751 vitiosa,
1578 1713 1684 1740 eon-

298 1789 521 1823 seetantur
542 1780 770 1822 imitando.

362 1859 482 1903 Nihil
506 1869 569 1903 est
596 1858 785 1913 facilius,
806 1876 938 1919 quam
963 1861 1171 1902 amictum
1199 1860 1362 1902 imitari
1382 1858 1586 1920 alicujus,
1610 1870 1687 1903 aut

301 1951 487 1997 statum,
518 1951 594 1983 aut
622 1949 805 1983 motum.
828 1940 872 1983 Si
892 1957 997 1983 vero
1017 1941 1149 1983 etiam
1169 1940 1315 1983 vitiosi
1346 1938 1512 2000 aliquid
1531 1950 1616 1996 est,
1643 1940 1688 1984 id

302 2039 472 2066 sumere
488 2060 497 2074 ‚
523 2031 565 2063 et
585 2021 628 2062 in
641 2037 692 2063 eo
712 2022 920 2063 vitiosum
938 2038 1050 2073 esse,
1071 2038 1160 2064 non
1181 2038 1390 2082 magnum
1411 2032 1497 2076 est,
1525 2032 1574 2065 ut
1593 2021 1688 2078 ille,

303 2103 378 2163 qui
400 2119 518 2146 nune
534 2103 664 2146 etiam
680 2136 690 2153 ,
709 2104 865 2145 amissa
881 2118 1006 2157 voce,
1039 2102 1144 2145 furit
1172 2104 1216 2145 in
1232 2102 1479 2162 republica,
1508 2104 1689 2159 Furius,

304 2200 462 2227 nervos
483 2184 527 2226 in
554 2183 740 2227 dicendo
759 2185 806 2227 C.
829 2183 1059 2240 Fimbriae‚
1089 2200 1199 2242 quos
1230 2194 1374 2227 tamen
1406 2185 1561 2228 hahuit
1590 2184 1690 2240 ille,

307 2282 393 2308 non
412 2266 673 2324 assequitur,
695 2264 782 2307 oris
809 2265 1067 2324 pravitatem
1092 2274 1134 2308 et
1154 2266 1389 2308 verborum
1415 2265 1691 2310 latitudinem

312 2346 510 2388 imitatur
530 2362 538 2388 :
561 2344 637 2387 sed
650 2355 795 2387 tamen
815 2344 885 2388 ille
905 2362 983 2388 nec
1000 2345 1191 2406 deligere
1207 2347 1354 2403 scivit,
1373 2349 1499 2407 eujus
1519 2349 1691 2408 potissi-

309 2443 430 2470 mum
451 2424 601 2469 similis
621 2435 752 2481 esset,
778 2435 817 2468 et
839 2426 884 2468 in
901 2444 951 2468 eo
978 2427 1096 2486 ipso,
1118 2444 1250 2487 quem
1270 2427 1509 2489 delegerat,
1533 2429 1692 2472 imitari

310 2510 435 2552 etiam
458 2508 561 2550 vitia
583 2505 733 2550 voluit.

372 2589 462 2644 Qui
487 2597 631 2631 autem
664 2588 722 2631 ita
746 2588 904 2645 faciet,
936 2599 982 2632 ut
1009 2600 1208 2649 oportet,
1232 2591 1423 2650 primum
1450 2591 1600 2652 vigilet
1623 2609 1695 2636 ne-
