1843 3166
264 186 332 222 rol,
786 178 848 212 DF.
878 177 1116 212 ORATORE

322 263 441 320 Quid
464 280 568 325 ergo
593 264 685 306 est?
717 262 908 316 lidelmi-3
936 260 1099 321 aliquid
1126 270 1269 304 tamen
1295 277 1302 302 :
1336 269 1403 313 ut,
1428 275 1563 319 quum
1592 261 1634 303 in

262 344 351 388 sole
373 343 619 398 ambulem,
654 345 820 386 etiamsi
844 341 971 386 aliam
996 343 1052 385 ob
1076 358 1250 385 causam
1277 339 1513 396 ambulem,
1543 340 1635 383 fieri

265 437 418 470 natura
440 436 605 482 tamen,
637 435 683 468 ut
708 424 901 479 colorer3
928 425 1009 479 sie,
1035 440 1171 483 quum
1198 424 1299 465 istos
1324 422 1455 465 libros
1477 421 1530 464 ad
1550 423 1636 465 Mi-

263 526 415 552 senum
442 508 561 570 (nam
588 510 737 551 Romae
765 508 833 550 vix
860 505 977 566 lieet)
1008 504 1242 549 studiosius
1270 503 1471 564 legerim,
1499 505 1637 546 sentio

264 591 507 634 orationem
544 606 685 632 meam
723 587 895 632 illorum
932 597 1048 631 tactu
1081 588 1203 647 quasi
1233 585 1433 630 colorari.
1469 585 1554 630 Sed
1586 602 1639 628 ne

265 672 391 715 latius
414 671 497 714 hoe
524 671 647 713 vobis
673 680 822 730 patere
850 669 1062 724 videatur,
1094 669 1184 712 haee
1207 668 1418 711 duntaxat
1447 668 1490 710 in
1515 670 1648 733 Gl'aess

264 754 323 795 cis
344 750 558 812 intellige,
575 767 671 810 quae
690 751 794 811 ipsi,
813 751 887 810 qui
907 751 1195 810 scripserunt,
1214 748 1446 792 voluerunt
1464 764 1490 792 a
1508 747 1640 809 vulgo

268 833 462 894 intelligi.

330 918 381 958 In
406 914 688 975 philosophos
711 922 878 957 vestros
905 913 938 955 si
961 911 1137 972 quando
1166 910 1322 965 incidi,
1351 911 1560 972 deceptus
1585 912 1643 954 in-

267 997 435 1040 dicibus
452 995 685 1050 librorum,
708 993 826 1053 quod
847 1003 948 1036 sunt
969 992 1058 1035 sere
1083 993 1278 1052 inscripti
1304 992 1358 1035 de
1380 992 1510 1035 rebus
1531 993 1643 1035 notis

267 1086 309 1119 et
335 1075 595 1129 illustribus,
632 1073 686 1117 de
709 1074 891 1129 virtute,
925 1072 978 1115 de
1003 1072 1192 1131 justitia,
1221 1071 1275 1115 de
1304 1072 1557 1128 honestate,
1590 1071 1644 1115 de

269 1156 510 1218 voluptate,
550 1156 733 1200 verbum
763 1170 942 1215 prorsus
972 1151 1141 1196 nullum
1178 1152 1371 1213 intelligo
1404 1170 1413 1196 ε
1454 1154 1511 1196 ita
1545 1164 1646 1197 sunt

267 1239 460 1299 angustis
487 1247 530 1281 et
551 1237 734 1281 concisis
765 1234 1133 1295 disputationibus
1163 1231 1339 1295 illigati!
1374 1237 1528 1279 Poetas
1552 1252 1645 1279 om-

269 1321 392 1375 nino,
422 1319 544 1378 quasi
571 1316 653 1360 alia
678 1316 866 1376 quadam
899 1315 1047 1376 lingua
1080 1313 1272 1369 locutos,
1303 1332 1392 1359 non
1419 1332 1555 1360 conor
1581 1326 1644 1360 at-

270 1401 438 1461 tingere
461 1416 469 1441 :
501 1415 601 1442 cum
631 1399 696 1441 his
723 1414 792 1440 me
823 1397 897 1456 (ut
922 1395 1038 1456 dixi)
1067 1394 1255 1452 oblecto,
1285 1397 1361 1456 qui
1387 1413 1455 1440 res
1480 1407 1643 1459 gestas,

269 1490 344 1524 aut
369 1481 444 1540 qui
468 1480 685 1532 orationes
714 1478 982 1537 seripserunt
1009 1494 1131 1533 suas,
1169 1486 1245 1521 aut
1272 1479 1346 1538 qui
1376 1480 1434 1522 ita
1461 1477 1647 1540 loquun—

272 1573 357 1618 tur,
385 1570 433 1604 ut
455 1559 687 1603 videantur
711 1557 899 1601 voluisse
924 1559 1068 1614 nobis,
1103 1559 1177 1618 qui
1209 1575 1296 1602 non
1325 1575 1472 1603 sumus
1505 1560 1648 1604 erudi-

273 1642 444 1697 tissimi,
475 1656 567 1684 esse
590 1637 835 1682 familiares.
861 1637 946 1682 Sed
967 1637 1068 1682 illuc
1092 1638 1238 1682 redeo.

278 1728 297 1778 s
334 1724 429 1767 XV.
466 1720 713 1777 Videtisne,
739 1730 955 1781 quantum
976 1736 1135 1764 munus
1159 1722 1212 1764 sit
1234 1723 1419 1766 oratoris
1440 1723 1649 1768 historia?

272 1803 389 1846 haud
415 1804 524 1857 scio,
553 1819 608 1845 an
627 1801 806 1845 [lumine
832 1802 1064 1856 orationis,
1094 1811 1137 1845 et
1165 1803 1372 1846 varietate
1397 1805 1645 1849 maximum.

272 1886 429 1944 Neque
446 1893 591 1927 tamen
612 1899 707 1925 eam
730 1883 902 1943 reperio
926 1898 1111 1942 usquam
1137 1884 1369 1943 separatim
1392 1885 1648 1930 instructam

272 1966 499 2009 rhetorum
522 1964 749 2025 praeceptis
778 1980 787 2006 ε
829 1964 909 2006 sita
934 1973 1036 2006 sunt
1061 1965 1176 2007 enim
1204 1974 1305 2008 ante
1332 1965 1496 2009 oculos.
1536 1967 1647 2011 Nam

273 2048 367 2106 quis
398 2046 561 2101 nescit,
591 2045 777 2104 primam
805 2060 897 2087 esse
925 2043 1115 2088 historiae
1143 2044 1307 2106 legem,
1338 2063 1392 2089 ne
1422 2047 1527 2107 quid
1555 2047 1648 2093 falsi

274 2127 419 2170 dicere
445 2124 628 2169 audeat?
652 2124 809 2168 deinde
833 2140 888 2168 ne
911 2124 1018 2184 quid
1041 2127 1132 2169 veri
1158 2143 1246 2170 non
1269 2127 1457 2171 audeat?
1485 2144 1539 2171 ne
1564 2145 1650 2189 qua

275 2208 462 2268 suspicio
488 2208 635 2268 gratiae
663 2207 717 2249 sit
740 2207 784 2249 in
806 2205 1064 2250 scribendo?
1089 2223 1144 2250 ne
1165 2223 1251 2266 qua
1274 2207 1528 2252 simultatis?
1549 2212 1651 2253 Haee

276 2288 439 2333 scilicet
462 2288 745 2331 fundamenta
764 2296 867 2330 nota
890 2297 991 2331 sunt
1015 2288 1245 2332 omnibus.x

340 2372 441 2430 Ipsa
468 2379 613 2412 autem
639 2368 920 2413 exaedificatio
943 2369 1085 2429 posita
1110 2379 1174 2413 est
1202 2371 1244 2412 in
1269 2370 1400 2414 rebus
1428 2380 1470 2414 et
1492 2371 1647 2415 verbis.

278 2451 445 2493 Rerum
476 2450 586 2492 ratio
625 2448 822 2492 ordinem
864 2460 1110 2510 temporum
1148 2449 1384 2508 desiderat,
1423 2451 1651 2512 regionum

279 2529 640 2589 description-eni;
683 2529 774 2572 vult
809 2530 958 2587 etiam,
1003 2532 1209 2591 quoniam
1243 2533 1286 2574 in
1322 2533 1450 2575 rebus
1484 2534 1651 2592 magnis

283 2610 576 2668 memoriaque
595 2608 736 2669 dignis
756 2609 932 2653 consilia
952 2612 1160 2669 primum,
1190 2610 1346 2654 deinde
1369 2621 1482 2666 acta,
1503 2621 1651 2672 postea
