1843 3166
726 197 871 232 LIBER
904 200 930 232 Ι.
1461 207 1508 242 65

136 287 222 314 non
254 271 362 316 facio
394 274 613 329 cumdem,
646 293 772 336 quem
812 281 1020 336 Crassus,
1052 285 1124 342 qui
1160 286 1264 329 mihi
1298 289 1413 333 visus
1443 303 1506 336 est

133 368 304 396 omnem
330 355 525 397 omnium
553 372 703 400 rerum
724 368 854 418 atque
874 361 1035 405 artium
1057 364 1280 408 scientiam
1306 383 1496 430 compre-

132 430 322 476 hendere
339 449 428 476 uno
450 436 635 478 oratoris
655 435 798 481 officio
818 454 868 482 ac
889 441 1066 484 nominc
1093 460 1102 485 :
1128 453 1258 504 atque
1276 462 1374 490 eum
1401 459 1505 508 puto

129 527 239 567 esse,
272 513 348 572 qui
381 513 524 556 verbis
556 514 610 558 ad
641 516 907 562 audiendum
934 521 1167 580 jucundis,
1205 535 1247 567 et
1281 530 1504 571 sententiis

128 591 184 634 ad
208 593 486 652 probandum
512 598 852 643 accommodatis
876 602 938 644 uti
964 604 1099 662 possit
1123 605 1167 647 in
1195 607 1334 650 causis
1362 606 1505 652 foren-

127 672 268 730 sibus,
291 682 420 734 atque
441 678 761 723 communibus.
790 682 919 724 Hunc
949 698 1028 742 ego
1061 683 1234 745 appello
1259 696 1497 745 oratorem,

125 769 314 813 eumque
344 771 435 798 esse
469 766 676 817 praeterea
708 760 969 806 instructum
1000 780 1129 820 voce,
1158 776 1201 809 et
1228 768 1424 825 actione,
1456 780 1500 813 et

125 832 271 894 lepore
296 835 487 895 quodam
508 836 619 882 volo.

186 916 367 960 Crassus
397 934 498 961 vero
518 919 625 963 mihi
644 931 794 966 noster
817 924 935 968 visus
959 935 1022 969 est
1043 929 1230 971 oratoris
1250 927 1500 973 facultatem

123 1012 211 1039 non
249 995 365 1042 illius
397 1001 502 1043 artis
540 1003 758 1058 terminis,
789 1004 863 1048 sed
899 1007 1062 1067 ingenii
1097 1010 1163 1052 sui
1196 1009 1383 1064 finibus,
1417 1013 1499 1055 im-

121 1078 279 1121 mensis
302 1096 444 1139 paene,
468 1081 724 1127 describere.
745 1086 858 1129 Nam
882 1096 924 1130 et
951 1088 1178 1132 civitatum
1202 1090 1493 1151 regendarum

119 1159 283 1202 oratori
311 1160 606 1220 gubernacula
631 1165 847 1208 sententia
878 1182 955 1210 sua
982 1167 1162 1212 tradidit
1193 1186 1202 1212 :
1231 1171 1275 1213 in
1305 1188 1393 1232 quo
1417 1189 1495 1232 per

120 1237 227 1281 mihi
253 1239 413 1283 mirum
438 1241 579 1285 visum
604 1252 686 1299 est,
715 1244 925 1299 Scaevola,
954 1256 995 1289 te
1022 1247 1105 1290 hoc
1134 1247 1197 1291 illi
1227 1251 1490 1306 concedere;

118 1335 254 1378 quum
284 1322 516 1382 saepissime
545 1324 625 1366 tibi
656 1334 853 1381 senatus,
881 1325 1076 1371 breviter
1111 1327 1397 1390 impoliteque
1426 1331 1492 1374 di-

117 1402 249 1458 centi,
278 1403 478 1447 maximis
507 1405 562 1447 sit
588 1403 641 1448 de
663 1405 794 1448 rebus
819 1422 1032 1450 assensus.
1059 1409 1122 1452 M.
1151 1425 1255 1452 vero
1286 1411 1494 1463 Scaurus,

116 1499 246 1543 quem
269 1500 358 1527 non
380 1483 529 1546 longe,
554 1487 666 1542 ruri,
691 1486 807 1547 apud
829 1504 892 1541 se,
912 1503 1004 1530 esse
1026 1488 1158 1531 audio
1174 1523 1185 1544 ,
1207 1490 1273 1532 vir
1293 1489 1493 1550 regendae

115 1564 363 1626 reipublicae
381 1567 709 1623 scientissimus,
737 1568 771 1610 si
798 1567 1011 1622 audierit,
1037 1569 1153 1612 hanc
1179 1571 1489 1614 auctoritatem

115 1648 338 1709 gravitatis
378 1657 420 1691 et
450 1647 622 1691 consilii
660 1649 726 1691 sui
754 1647 967 1692 vindicari
999 1665 1024 1692 a
1059 1659 1122 1706 te,
1158 1652 1332 1708 Crasse,
1370 1650 1489 1711 quod

116 1746 211 1773 eam
234 1730 419 1774 oratoris
445 1730 670 1790 propriam
701 1745 791 1772 esse
820 1729 964 1784 dicas3
989 1730 1104 1790 jam,
1130 1730 1283 1784 credo,
1306 1731 1393 1774 huc
1416 1748 1490 1774 ve-

120 1812 228 1867 niat,
250 1820 293 1854 et
314 1811 427 1854 hanc
458 1809 767 1870 loquacitatem
796 1820 992 1854 nostram
1025 1810 1151 1854 vultu
1175 1812 1271 1871 ipso
1293 1821 1491 1872 aspectu-

116 1909 201 1953 que
234 1901 479 1936 conterreat
504 1908 512 1934 :
540 1892 615 1951 qui
643 1907 894 1951 quanquam
920 1901 985 1934 est
1019 1892 1062 1933 in
1099 1891 1285 1935 dicendo
1310 1892 1491 1934 minime

117 1973 483 2029 contemnendus,
512 1971 742 2033 prudentia
769 1981 912 2015 tamen
938 1989 1085 2015 rerum
1110 1989 1368 2033 magnarum
1396 1989 1487 2015 ma—

117 2055 204 2115 gis,
227 2071 360 2115 quam
388 2053 562 2098 dicendi
593 2063 708 2108 arte,
732 2054 898 2097 nititur.

180 2136 334 2195 Neque
354 2151 477 2191 vero,
503 2135 537 2178 si
560 2136 658 2197 quis
682 2144 919 2194 utrumque
942 2143 1104 2194 potest,
1128 2144 1204 2178 aut
1228 2134 1299 2177 ille
1321 2131 1488 2177 consilii

117 2214 279 2275 publici
305 2225 474 2271 auctor,
499 2232 550 2259 ac
574 2225 749 2259 senator
770 2216 933 2271 bonus,
960 2216 1015 2259 ob
1037 2232 1130 2259 eam
1151 2216 1290 2276 ipsam
1315 2229 1489 2258 causam

117 2305 264 2340 orator
287 2306 377 2351 est3
404 2306 477 2340 aut
508 2297 578 2341 hic
602 2297 790 2340 disertus
815 2306 946 2356 atque
968 2296 1196 2356 eloquens,
1225 2298 1259 2340 si
1285 2305 1348 2339 est
1373 2295 1486 2339 idem

118 2379 162 2420 in
201 2378 509 2438 procuratione
538 2378 723 2421 civitatis
755 2378 980 2438 egregius,
1014 2376 1134 2421 illam
1165 2378 1391 2421 scientiam
1424 2376 1489 2419 di-

118 2457 242 2501 cendi
267 2458 393 2518 copia
413 2467 475 2501 est
493 2469 763 2502 consecutus.
789 2457 983 2501 Multum
1006 2459 1120 2502 inter
1142 2475 1185 2502 se
1210 2457 1375 2501 distant
1398 2459 1487 2501 istae

118 2536 366 2594 facultates,
393 2538 608 2599 longeque
635 2550 739 2583 sunt
769 2539 973 2594 diversae,
1004 2550 1134 2599 atque
1159 2540 1384 2599 sejunctae,
1414 2554 1488 2580 ne-

121 2635 204 2679 que
224 2619 375 2662 eadem
396 2620 563 2663 ratione
584 2637 632 2663 ac
655 2621 723 2663 via
747 2622 807 2663 Μ.
830 2623 961 2676 Cato,
985 2623 1030 2664 P.
1058 2621 1303 2674 Africanus,
1321 2620 1375 2675 Q.
1397 2619 1488 2660 Me-

348 2718 394 2745 n.
1245 2715 1268 2741 9
