1843 3166
327 179 397 221 246
842 181 905 216 DE
935 182 1167 216 ORATORE

390 265 453 305 Ex
478 263 634 322 quibus
658 262 786 307 Eleus
809 264 1010 324 Hippias,
1034 280 1167 323 quum
1198 262 1445 322 Olympiam
1475 261 1681 316 venisset,

327 342 510 385 maxima
540 341 610 385 illa
635 342 944 403 quinquennali
960 342 1206 386 celebritate
1228 340 1450 395 ludorum,
1476 338 1683 400 gloriatus

329 431 414 476 cst,
438 431 592 465 cuncta
608 439 727 482 paenc
751 423 952 465 audiente
967 423 1157 473 Grzecia,
1182 420 1287 464 nihil
1313 437 1399 464 esse
1422 418 1507 462 ulla
1534 420 1576 461 in
1593 428 1685 462 arte

332 517 474 544 rerum
505 502 719 555 omnium,
751 501 866 561 quod
898 503 987 561 ipse
1014 502 1193 544 nesciret
1219 518 1226 543 :
1257 517 1334 543 nec
1359 499 1497 544 solum
1527 499 1604 542 has
1627 515 1688 542 ar-

331 591 417 636 tes,
446 582 602 640 quibus
638 580 833 624 liberales
873 581 1078 624 doctrinae
1104 590 1230 640 atque
1259 581 1454 640 ingenuae
1491 580 1686 623 continc-

333 670 499 712 rentur,
538 661 837 719 geometriam,
875 661 1098 712 musicam,
1128 658 1370 702 litterarum
1395 660 1687 719 cognitionem

334 749 375 782 ct
402 749 651 798 poetarum,
680 748 809 798 atque
829 738 921 795 illa,
940 755 1034 798 quae
1058 739 1110 781 de
1137 739 1302 781 naturis
1331 754 1497 793 rerum,
1520 755 1614 797 quae
1637 738 1689 781 de

333 819 557 862 hominum
580 818 771 861 moribus
786 853 796 872 ,
820 835 914 878 quae
928 818 981 861 de
1001 816 1315 877 rcbuspuhlicis
1332 817 1597 874 dicerentur3
1616 818 1691 862 sed

334 896 564 953 annulum,
591 914 718 957 quem
742 898 937 955 haberet,
960 897 1158 958 pallium,
1188 914 1273 957 quo
1298 897 1480 940 amictus
1495 930 1507 953 ,
1523 913 1692 953 soccos,

337 978 494 1037 quibus
517 977 694 1021 indutus
716 987 845 1032 esset,
876 995 918 1021 se
940 995 1015 1021 sua
1043 994 1172 1020 manu
1197 977 1444 1021 confecisse.

400 1056 569 1103 Scilicet
586 1058 711 1104 nimis
731 1057 801 1100 hic
821 1057 994 1117 quidem
1009 1066 1072 1100 est
1096 1073 1340 1117 progessus3
1365 1056 1438 1101 sed
1459 1073 1511 1100 ex
1530 1073 1581 1100 eo
1602 1058 1695 1117 ipso

339 1146 401 1181 est
425 1139 673 1198 conjectura
703 1135 863 1196 facilis,
885 1147 1095 1199 quantum
1121 1137 1199 1179 sibi
1230 1135 1292 1179 illi
1322 1137 1401 1197 ipsi
1424 1146 1614 1180 oratores
1643 1136 1696 1180 de

340 1217 674 1278 praeclarissimis
710 1220 874 1263 artibus
909 1217 1197 1280 appetierint,
1235 1217 1308 1276 qui
1343 1232 1397 1259 ne
1435 1216 1696 1260 sordidiores

341 1297 512 1356 quidem
535 1299 815 1358 repudiarint.
839 1298 957 1355 Quid
980 1299 1032 1342 de
1055 1298 1240 1342 Prodico
1264 1296 1379 1342 Ceo?
1396 1295 1499 1356 quid
1521 1294 1573 1339 de
1590 1297 1698 1340 Tra-

342 1376 544 1436 symacho
579 1377 890 1433 Chalcedonio,
930 1378 982 1420 de
1016 1380 1252 1438 Protagora
1285 1375 1492 1422 Abderita
1521 1375 1698 1437 loquar?

343 1471 529 1514 quorum
548 1459 843 1517 unusquisque
863 1457 1096 1517 plurimum
1114 1451 1378 1518 temporibus
1396 1456 1479 1501 illis
1498 1459 1627 1501 etiam
1647 1457 1699 1500 de

344 1543 496 1576 natura
522 1551 666 1578 rerum
691 1546 735 1578 et
754 1535 954 1579 disseruit
974 1546 1016 1578 et
1044 1538 1226 1596 scripsit.

405 1614 501 1672 Ipse
520 1612 590 1656 ille
613 1615 853 1657 Leontinus
873 1616 1078 1674 Gorgias,
1099 1630 1185 1673 quo
1203 1624 1387 1673 patrono
1404 1616 1477 1676 (ut
1490 1614 1613 1659 Plato
1626 1633 1702 1659 vo-

344 1690 451 1751 luit)
475 1692 733 1753 philosopho
749 1694 977 1735 succubuit
995 1704 1155 1748 orator,
1177 1694 1251 1752 qui
1275 1705 1350 1737 aut
1370 1711 1457 1738 non
1481 1704 1546 1738 est
1563 1695 1702 1738 victus

350 1787 543 1831 unquam
565 1789 589 1815 a
608 1774 801 1828 Socrate,
831 1789 970 1831 neque
993 1789 1133 1816 sermo
1157 1771 1228 1816 ille
1253 1772 1443 1817 Platonis
1469 1791 1596 1818 verus
1619 1785 1702 1832 est3

349 1860 445 1905 aut,
473 1853 507 1894 si
529 1861 591 1894 est
610 1852 769 1908 victus,
794 1850 1067 1912 eloquentior
1092 1850 1290 1895 videlicet
1311 1852 1411 1908 fuit,
1442 1863 1483 1897 et
1503 1854 1705 1898 disertior

349 1932 569 1985 Socrates,
592 1940 654 1987 et,
682 1940 728 1974 ut
750 1940 795 1974 tu
816 1930 1025 1991 appellas,
1048 1932 1263 1991 copiosior
1284 1940 1326 1974 et
1356 1932 1506 1975 melior
1531 1942 1703 1977 orator:

352 2011 425 2054 sed
448 2010 518 2054 hic
542 2012 585 2053 in
607 2010 681 2054 illo
702 2012 796 2070 ipso
812 2010 1003 2054 Platonis
1028 2010 1157 2064 libro,
1187 2011 1238 2054 de
1262 2013 1380 2055 omni
1400 2028 1466 2067 re,
1487 2029 1706 2072 quaecum-

353 2106 435 2150 que
455 2091 499 2133 in
525 2090 879 2150 disceptationem
901 2092 1267 2151 quaestionemque
1292 2102 1536 2149 vocaretur,
1569 2109 1612 2136 se
1635 2109 1707 2137 co-

354 2170 592 2230 piosissime
628 2169 843 2214 dicturum
880 2188 968 2214 esse
992 2172 1239 2231 profitetur3
1275 2174 1393 2232 isque
1421 2173 1622 2233 princeps
1656 2190 1706 2217 ex

355 2248 555 2292 omnibus
580 2266 708 2292 ausus
728 2259 789 2292 est
815 2251 858 2292 in
881 2261 1096 2295 conventu
1116 2268 1311 2311 poscere,
1336 2268 1422 2311 qua
1442 2252 1494 2295 de
1521 2269 1567 2296 re
1591 2254 1710 2312 quis-

356 2345 438 2387 que
458 2327 584 2371 vellet
615 2328 789 2372 audire:
821 2331 888 2373 cui
914 2339 1057 2374 tantus
1082 2332 1221 2375 honos
1247 2332 1421 2375 habitus
1446 2341 1509 2375 est
1534 2348 1559 2375 a
1584 2335 1705 2377 Grae-

358 2409 442 2463 cia,
472 2406 549 2451 soli
566 2418 613 2451 ut
632 2425 681 2452 ex
706 2409 902 2453 omnibus
921 2409 1104 2470 Delphis
1124 2427 1212 2454 non
1232 2412 1426 2455 inaurata
1449 2420 1609 2464 statua,
1633 2411 1707 2455 sed

360 2503 490 2531 aurea
513 2498 787 2532 statueretur.

423 2570 562 2626 Atque
596 2569 645 2622 ii,
675 2585 782 2627 quos
811 2571 1052 2625 nominavi,
1077 2571 1289 2632 multique
1321 2582 1525 2632 praeterea
1553 2573 1710 2616 summi
