1843 3166
347 133 415 168 128
864 136 927 169 DF.
958 136 1191 170 ORATORE

343 240 361 259 α
387 222 534 281 patriae
555 222 859 265 conservamlae
877 239 1003 265 causa
1031 222 1294 265 interemerit
1312 255 1322 275 ,
1347 237 1479 280 quum
1501 221 1543 264 id
1563 238 1637 282 per
1654 223 1708 266 le-

344 323 364 344 «
389 321 461 366 ges
485 320 573 347 non
604 303 763 347 liceret.
786 323 805 344 >³
830 302 964 347 Nulla
989 303 1173 362 denique
1199 312 1262 346 est
1286 319 1437 356 causa,
1465 303 1507 346 in
1533 320 1618 363 qua
1644 305 1707 359 id,

343 386 460 446 quod
479 387 520 428 in
533 385 745 445 judiciuin
763 385 901 437 venit,
916 402 966 427 ex
980 400 1151 427 reorum
1169 385 1380 444 personis,
1396 400 1484 427 non
1500 400 1706 444 generum

345 467 537 526 ipsorum
560 466 758 509 universa
778 465 1068 525 disputatione
1092 474 1322 523 quoeratur.

409 548 530 603 Quin
554 548 682 590 etiam
712 548 754 589 in
782 547 832 590 iis
860 547 979 606 ipsis,
1003 546 1077 588 ubi
1101 544 1153 588 de
1176 545 1289 588 facto
1309 545 1559 605 ambigitur,
1579 561 1705 606 cepe-

345 630 456 672 ritne
477 638 626 671 contra
651 626 763 688 leges
785 627 985 687 pecunias
1007 628 1052 669 P.
1077 625 1256 680 Decius,
1281 635 1537 685 argumenta
1557 635 1600 669 et
1623 627 1707 670 cri-

346 709 511 751 minum
533 718 575 751 et
595 707 853 751 defensionis
870 715 1128 750 revocentur
1151 713 1324 765 oportet
1339 705 1393 748 ad
1420 721 1575 765 genus,
1601 706 1710 750 etad

346 799 546 832 naturam
568 789 813 832 universam
835 805 843 830 ε
872 786 989 847 quod
1009 795 1283 842 sumtuosus,
1308 784 1360 828 de
1380 784 1569 842 luxuria3
1591 786 1710 846 quod

345 868 473 912 alieni
499 878 727 929 appetens,
754 868 806 910 de
835 868 1040 922 avaritia3
1066 866 1181 927 quod
1208 865 1455 922 seditiosus,
1479 866 1532 910 de
1552 868 1708 911 turbu-

346 949 472 993 lentis
486 959 527 993 et
542 949 664 992 malis
679 948 844 991 civibus
860 965 870 1003 3
897 947 1013 1007 quod
1041 964 1065 990 a
1083 946 1229 991 multis
1241 948 1455 1008 arguitur,
1480 946 1532 990 de
1554 963 1708 1008 genere

347 1031 519 1074 testium
537 1046 545 1071 :
570 1038 827 1087 contraque,
852 1043 945 1087 quae
966 1043 1045 1087 pro
1063 1043 1135 1070 reo
1156 1026 1370 1083 dicentur,
1396 1027 1542 1070 omnia
1561 1043 1707 1071 neces·

344 1111 456 1153 sario
486 1126 509 1153 a
537 1119 731 1169 tempore
758 1118 887 1168 atque
923 1108 1098 1150 homine
1136 1107 1189 1150 ad
1220 1123 1471 1151 communes
1496 1123 1642 1151 rerum
1669 1118 1711 1152 et

345 1206 553 1250 generum
579 1205 768 1233 summas
792 1186 1083 1232 revolventur.

410 1273 555 1331 Atque
574 1271 664 1314 haec
687 1270 866 1313 forsitan
895 1269 1081 1326 homini,
1110 1285 1197 1313 non
1224 1270 1396 1327 omnia,
1420 1287 1514 1331 quae
1540 1280 1643 1315 sunt
1666 1272 1709 1315 in

345 1361 500 1395 natura
515 1368 683 1407 rerum,
699 1349 895 1395 celeriter
908 1351 1052 1394 animo
1067 1351 1476 1411 comprehendenti,
1494 1350 1710 1412 permulta

344 1431 587 1486 videantur,
615 1447 710 1491 quae
735 1431 907 1474 veniant
925 1430 968 1473 in
991 1429 1206 1490 judicium
1231 1440 1345 1488 tum,
1370 1448 1506 1491 quum
1526 1431 1578 1476 de
1598 1432 1710 1476 facto

345 1521 591 1570 quaeratur:
615 1511 688 1555 sed
717 1521 861 1554 tamen
887 1511 1119 1554 criminum
1143 1521 1205 1555 est
1227 1511 1464 1556 multitudo
1479 1547 1490 1568 ,
1519 1529 1606 1556 non
1634 1513 1709 1557 de-

345 1590 589 1634 fensionum
614 1600 690 1634 aut
707 1590 928 1645 locorum,
955 1591 1138 1634 infinita.

408 1672 590 1714 XXXII.
629 1672 740 1727 Quae
772 1687 873 1714 vero
892 1705 903 1727 ,
937 1687 1073 1730 quum
1103 1670 1156 1715 de
1194 1670 1307 1716 facto
1340 1689 1427 1716 non
1458 1674 1709 1735 ambigitur,

344 1761 615 1811 quaeruntur,
640 1750 784 1812 qualia
813 1752 917 1807 sint,
943 1768 992 1795 ea
1013 1753 1047 1795 si
1070 1769 1122 1795 ex
1151 1753 1234 1796 reis
1260 1770 1483 1811 numeres,
1509 1765 1552 1799 et
1578 1756 1706 1800 innu-

343 1831 564 1876 merabilia
582 1842 684 1875 sunt
697 1866 708 1886 ,
725 1843 768 1875 et
785 1832 991 1887 obscura;
1013 1834 1047 1876 si
1072 1849 1123 1876 ex
1139 1833 1268 1877 rebus
1284 1868 1295 1890 ,
1320 1835 1442 1879 valde
1458 1846 1499 1879 et
1516 1836 1686 1881 modica
1698 1872 1709 1891 ,

343 1922 386 1955 et
407 1911 601 1956 illustria.
631 1913 745 1957 Nam
769 1913 802 1956 si
830 1914 1025 1957 Mancini
1050 1929 1224 1957 eausam
1241 1914 1285 1957 in
1302 1931 1390 1958 uno
1405 1916 1612 1959 Mancino
1636 1933 1710 1977 po-

344 1993 488 2037 nimus
500 2029 511 2047 ,
525 1994 885 2053 quotiescumque
903 1994 936 2037 is
952 2028 963 2045 ‚
985 2010 1114 2053 quem
1129 2005 1251 2055 pater
1265 2005 1458 2055 patratus
1473 1995 1709 2054 dediderit,

343 2082 540 2133 receptus
554 2089 642 2116 non
656 2074 757 2128 erit,
784 2073 910 2116 toties
926 2090 1054 2117 causa
1070 2091 1181 2118 nova
1203 2085 1416 2120 nascetur.
1433 2077 1508 2121 Sin
1522 2075 1595 2122 illa
1610 2094 1709 2122 con-

346 2153 554 2195 troversia
568 2168 739 2196 causam
755 2153 877 2209 facit,
894 2153 1148 2198 videaturne
1161 2155 1218 2210 ei,
1235 2169 1365 2214 quem
1382 2167 1505 2218 pater
1516 2168 1709 2218 patratus

344 2231 582 2289 dediderit,
607 2234 641 2276 si
657 2234 691 2275 is
706 2249 794 2275 non
812 2234 865 2276 sit
879 2242 1077 2293 receptus
1091 2267 1102 2289 ,
1128 2233 1445 2294 postliminium
1464 2254 1554 2281 esse
1571 2255 1579 2281 :
1600 2238 1706 2282 nihil

343 2311 397 2356 ad
413 2323 549 2356 artem
566 2312 756 2369 dicendi,
775 2330 854 2356 nec
871 2312 924 2356 ad
944 2323 1202 2373 argumenta
1218 2314 1497 2374 defensionis,
1516 2320 1709 2362 Mancini

344 2409 502 2438 nomen
530 2394 728 2453 pertinet.

407 2476 489 2529 Ac,
504 2474 659 2533 siquid
670 2474 795 2518 affert
807 2485 1015 2535 praeterea
1027 2477 1217 2521 hominis
1234 2489 1309 2522 aut
1328 2479 1515 2539 dignitas
1529 2513 1540 2532 ,
1556 2490 1632 2523 aut
1645 2481 1710 2523 in—

343 2553 552 2616 dignitas,
579 2564 700 2598 extra
728 2554 1008 2614 quaestionem
1037 2567 1119 2612 est,
1148 2567 1191 2601 et
1218 2575 1268 2602 ea
1290 2568 1431 2602 tamen
1459 2559 1549 2619 ipsa
1572 2562 1711 2604 oratio
