1843 3166
81 226 386 238 ιιννιιιιιὶιιὶὶὶὶιινι
394 228 483 240 ιιῑκκι
490 229 576 240 unumst
583 229 971 244 xxvxxxxxxxxxtxxxmt===wutx
977 231 1443 248 ιιιιιιιιιιιιιιιιιιιιιιιιιιιιιι

425 412 645 467 LIBER
688 415 1108 472 SECUNDUS.

82 794 114 835 l.
133 756 353 840 MAGNA
381 793 505 836 nobis
536 794 700 853 pueris,
729 796 898 851 Quinte
924 795 1077 851 frater,
1102 796 1135 837 si
1162 795 1369 838 memoria
1397 805 1457 838 te·

86 889 182 929 nes,
224 875 373 934 opinio
406 874 514 931 suit,
555 877 602 918 L.
637 877 845 919 Crassum
878 893 965 919 non
1005 874 1102 936 plus
1133 877 1326 937 attigisse
1356 875 1459 918 doc-

89 955 239 1010 trinae,
282 972 411 1016 quam
445 966 660 1016 quantum
701 958 843 1018 prima
878 956 951 1001 illa
988 956 1145 1018 puerili
1189 958 1461 1000 institutione

90 1036 330 1095 potuisset;
358 1038 418 1080 M.
443 1047 589 1081 autem
615 1039 854 1083 Antonium
884 1040 1064 1082 omnino
1089 1039 1231 1082 omnis
1256 1037 1463 1082 eruditio-

88 1117 157 1159 nis
187 1127 410 1178 expertem
445 1128 575 1178 atque
614 1121 815 1179 ignarum
855 1119 985 1163 fuisse
1014 1137 1021 1163 ε
1056 1128 1269 1179 erantque
1307 1117 1464 1173 multi,

91 1198 193 1256 qui,
220 1214 474 1259 quanquam
504 1216 593 1243 non
622 1201 680 1243 ita
711 1217 800 1244 sese
830 1218 921 1244 rein
945 1201 1105 1244 habere
1129 1200 1466 1251 arbitrarentur,

93 1288 260 1337 tamen,
290 1297 379 1340 quo
409 1280 578 1325 facilius
607 1298 686 1325 nos
715 1283 916 1326 incensos
945 1282 1092 1325 studio
1121 1280 1294 1324 dicendi
1319 1297 1343 1322 a
1369 1279 1469 1322 doc-

96 1361 211 1404 trina
238 1361 532 1417 deterrerent,
559 1361 745 1406 libenter
767 1363 833 1419 id,
859 1362 977 1422 quod
1003 1362 1117 1417 dixi,
1150 1362 1202 1404 de
1222 1360 1307 1404 illis
1326 1370 1470 1404 orato-

94 1442 216 1485 ribus
241 1442 554 1502 praedicarent,
583 1453 655 1499 ut,
686 1444 719 1486 si
744 1444 942 1487 homines
964 1460 1053 1487 non
1074 1442 1233 1486 cruditi
1256 1458 1467 1485 summani

96 1533 240 1567 essent
265 1524 542 1585 prudentiam
572 1534 702 1585 atque
730 1524 1028 1568 incredibilem
1052 1523 1346 1583 eloquentiam
1368 1538 1472 1565 con-

100 1607 262 1663 secuti,
304 1606 446 1649 inanis
483 1606 624 1650 omnis
660 1615 807 1649 noster
843 1621 933 1649 esse
967 1604 1105 1659 labor,
1145 1613 1187 1647 et
1215 1601 1398 1646 stultum
1430 1603 1473 1644 in

101 1688 227 1731 nobis
249 1687 522 1743 erudiendis,
546 1688 683 1747 patris
701 1687 866 1742 nostri,
894 1686 1048 1746 optimi
1073 1702 1122 1730 ac
1147 1683 1475 1745 prudentissimi

101 1770 210 1824 viri,
237 1768 431 1813 studium
456 1769 690 1813 videretur.

169 1852 292 1908 Quos
312 1860 404 1894 tuin
418 1884 429 1906 ,
457 1860 504 1893 ut
526 1852 648 1911 pueri
666 1886 677 1907 ,
708 1851 896 1895 refutare
917 1850 1164 1893 domesticis
1183 1848 1386 1901 testibus,
1407 1862 1479 1906 pa-

108 1944 196 1985 tre,
223 1942 264 1976 et
289 1933 337 1976 C.
360 1930 603 1986 Aculeone,
631 1932 878 1992 propinquo
903 1940 1073 1986 nostro,
1103 1938 1145 1972 et
1169 1931 1218 1972 L.
1243 1929 1480 1976 Cicerone,

111 2024 296 2074 patruo,
330 2012 602 2068 solebamus;
638 2012 757 2072 quod
792 2011 845 2055 de
878 2013 1036 2055 Crasso
1069 2018 1204 2070 pater,
1242 2017 1284 2051 et
1319 2005 1482 2051 Aculeo

112 2106 321 2155 (quocum
349 2105 443 2139 erat
474 2104 623 2138 nostra
655 2092 927 2152 matertera),
962 2107 1099 2151 quem,
1124 2091 1306 2133 Crassus
1335 2086 1486 2130 dilexit

114 2193 166 2220 ex
185 2177 390 2220 omnibus
414 2175 679 2237 plurimum,
706 2185 746 2218 et
770 2184 980 2235 patruus,
1004 2172 1084 2232 qui
1105 2186 1207 2214 cum
1228 2168 1420 2214 Antonio
1443 2167 1485 2209 in

97 2246 316 2322 'iCiliciam
340 2258 559 2318 profectus
587 2274 673 2301 una
703 2255 966 2311 decesserat,
1003 2252 1140 2297 multa
1169 2251 1294 2296 nobis
1319 2249 1370 2292 de
1396 2248 1488 2307 ejus

101 2326 264 2384 3studio
291 2339 576 2399 doctrinaque
601 2356 710 2400 saepe
738 2337 931 2381 narravit
960 2352 968 2379 ε
1008 2350 1232 2395 quumque
1272 2347 1351 2375 nos
1390 2346 1488 2372 cuin

104 2421 391 2465 *consobrinis
418 2421 604 2476 nostris,
634 2418 871 2464 Aculeonis
895 2416 1018 2471 filiis,
1054 2426 1096 2460 et
1125 2432 1174 2459 ea
1199 2414 1463 2457 disceremus
1480 2443 1490 2463 ,

121 2520 218 2563 quae
245 2505 403 2548 Crasso
430 2502 674 2564 placerent,
705 2512 745 2545 et
767 2500 819 2544 ab
845 2501 910 2543 his
936 2498 1212 2552 doctoribus,
1237 2493 1395 2554 quibus
1421 2489 1490 2533 ille

125 2595 349 2642 uteretur,
391 2585 692 2639 erudiremur,
736 2583 865 2626 etiam
903 2579 1010 2624 illud
1053 2595 1162 2639 saepe
1206 2572 1493 2619 intelleximus

123 2676 281 2726 tquum
305 2684 495 2713 essemus
520 2665 756 2728 ejusmodi,
790 2663 908 2725 quod
942 2661 1005 2706 vel
1036 2661 1158 2721 pueri
1191 2656 1344 2701 sentire
1372 2661 1493 2713 pote-
