1843 3166
325 266 366 302 ον.
847 256 907 289 me
936 254 1176 289 (maronie

386 351 550 393 Verum
593 344 625 385 si
665 342 739 384 tibi
783 342 860 400 ipsi
904 339 1008 382 nihil
1044 339 1180 392 deest,
1219 336 1334 397 quod
1372 338 1413 380 in
1452 336 1692 380 forensibus

327 423 455 466 rebus
483 421 764 480 civilibusque
794 429 1005 473 versetur,
1037 419 1142 478 quin
1171 419 1299 473 scias,
1331 432 1469 476 neque
1501 432 1595 459 eam
1625 425 1691 459 ta-

329 519 426 545 men
457 503 698 555 scientiam,
737 516 866 559 quam
898 498 1097 558 adjungis
1127 498 1309 552 oratori,
1347 495 1595 557 complexus
1625 512 1694 550 es;

330 581 573 637 videamus,
611 596 663 623 ne
694 578 789 640 plus
817 580 853 622 ei
883 578 1067 631 tribuas,
1107 593 1237 636 quam
1263 592 1329 619 res
1355 585 1397 620 et
1419 577 1575 620 veritas
1602 577 1694 637 ipsa

329 661 550 704 concedat.

392 742 473 784 llic
498 743 680 785 Crassus
707 757 715 783 :
742 742 982 794 Memento,
1009 739 1170 796 inquit,
1199 753 1266 779 me
1290 754 1377 779 non
1404 735 1458 780 de
1484 753 1598 792 mea,
1621 736 1692 780 sed

331 821 382 864 (le
408 822 590 864 oratoris
612 818 813 863 facultate
833 818 1000 861 dixisse.

391 900 509 958 Quid
545 901 659 944 enim
693 917 769 942 nos
802 910 875 942 aut
908 898 1158 950 didicimuS,
1196 906 1271 940 aut
1303 898 1410 939 scire
1444 896 1692 957 potuimus,

330 983 402 1039 qui
423 991 521 1023 ante
541 980 592 1023 ad
615 980 851 1040 agendum,
869 996 999 1038 quam
1022 978 1075 1021 ad
1096 975 1444 1037 cognoscendum
1464 976 1661 1019 venimus
1683 992 1693 1018 z

331 1077 439 1119 quos
463 1061 505 1102 in
528 1060 644 1112 foro,
661 1076 769 1118 quos
790 1060 832 1101 in
853 1058 1107 1111 ambitione,
1130 1073 1238 1116 quos
1259 1057 1302 1098 in
1323 1054 1563 1116 republica,
1585 1072 1694 1115 quos

332 1143 375 1183 iu
398 1141 636 1183 amicorum
658 1139 863 1198 negotiis,
888 1154 953 1180 res
979 1138 1070 1197 ipsa
1093 1145 1191 1178 ante
1217 1135 1417 1190 confecit,
1446 1151 1576 1194 quam
1602 1151 1696 1195 pos-

332 1237 472 1264 semus
500 1219 659 1280 aliquid
686 1218 738 1262 de
763 1218 891 1261 rebus
918 1218 1048 1260 tantis
1071 1216 1292 1276 suspicari.

396 1300 529 1356 Quod
565 1302 598 1343 si
638 1300 715 1342 tibi
750 1308 922 1341 tantum
958 1299 1001 1340 in
1036 1297 1158 1339 nobis
1196 1294 1366 1338 videtur
1391 1311 1501 1350 esse,
1538 1294 1696 1354 quibus

334 1382 501 1425 etiamsi
522 1381 764 1441 ingenium,
793 1388 841 1421 ut
864 1387 911 1420 tu
935 1386 1083 1438 putas,
1109 1392 1197 1419 non
1220 1376 1405 1418 maxime
1426 1373 1585 1430 defuit,
1604 1373 1699 1417 doc-

336 1463 448 1505 trina
482 1471 614 1515 certe,
647 1471 688 1504 et
721 1460 882 1512 otium,
923 1467 965 1501 ct
998 1457 1171 1500 hercule
1203 1457 1332 1499 etiam
1368 1454 1560 1498 studium
1591 1453 1697 1497 illud

335 1542 524 1585 discendi
551 1542 808 1585 acerrimum
833 1538 966 1582 defuit
998 1557 1006 1580 :
1042 1536 1147 1597 quid
1174 1552 1338 1592 censes,
1376 1536 1409 1578 si
1437 1534 1490 1578 ad
1517 1532 1698 1594 alicujus

336 1624 558 1683 ingenium
589 1620 652 1664 vel
688 1622 826 1680 majus
858 1618 950 1674 illa,
984 1634 1078 1677 quae
1112 1634 1191 1677 ego
1224 1633 1312 1659 non
1348 1616 1491 1675 attigi,
1519 1629 1701 1658 accesse-

337 1701 450 1746 rint?
475 1701 645 1761 qualem
672 1699 816 1755 illum,
842 1708 884 1742 et
907 1706 1120 1758 quantum
1145 1705 1359 1739 oratorem
1385 1693 1609 1738 futurum?

398 1784 561 1826 XVIII.
604 1783 716 1824 Tum
758 1779 975 1824 Antonius
1008 1795 1017 1821 :
1047 1776 1210 1821 Probas
1245 1775 1371 1831 mihi,
1402 1775 1563 1835 inquit,
1599 1775 1699 1826 ista,

337 1867 508 1919 Crasse,
536 1878 630 1921 quae
661 1860 791 1903 dieis:
820 1875 898 1902 nec
929 1857 1101 1911 dubito,
1128 1857 1233 1916 quin
1271 1854 1409 1898 multo
1443 1853 1701 1915 locupletior

338 1944 381 1985 in
406 1941 587 1985 dicendo
615 1940 787 1983 futurus
810 1940 886 1996 sit,
914 1939 948 1982 si
972 1938 1068 1998 quis
1092 1937 1287 1980 omnium
1313 1950 1459 1977 rerum
1484 1944 1613 1993 atque
1638 1950 1700 1976 ar-

339 2027 448 2067 tium
473 2024 685 2067 rationem
708 2031 995 2079 naturamque
1021 2015 1410 2078 comprehenderit,

403 2103 488 2147 Sed
524 2104 714 2163 primum
742 2100 784 2142 id
811 2097 983 2142 difficile
1013 2108 1077 2140 est
1108 2097 1245 2153 factu,
1270 2096 1506 2156 praesertim
1543 2095 1587 2137 in
1620 2094 1701 2137 hac

339 2194 486 2227 nostra
525 2183 640 2235 vita,
678 2180 921 2238 nostrisque
959 2177 1315 2237 occupationibus
1346 2193 1354 2218 ε
1396 2174 1550 2218 deinde
1594 2173 1702 2217 illud

340 2265 468 2307 etiam
499 2260 735 2304 verendum
767 2268 850 2314 est,
881 2274 934 2300 ne
966 2257 1268 2300 abstrahamur
1301 2255 1354 2298 ab
1393 2255 1474 2298 hac
1502 2255 1703 2298 exercita-

340 2345 478 2396 tione,
501 2350 541 2383 et
564 2336 874 2383 consuetudine
897 2335 1067 2379 dicendi
1087 2334 1307 2396 populari,
1327 2345 1369 2377 et
1383 2335 1555 2378 forensi.
1570 2333 1703 2378 Aliud

341 2424 456 2465 enim
482 2420 586 2463 mihi
608 2417 827 2478 quoddam
851 2433 984 2476 genus
1007 2416 1214 2458 orationis
1239 2432 1329 2458 esse
1354 2415 1525 2457 videtur
1549 2430 1699 2457 eorum

341 2502 586 2554 hominum,
611 2497 663 2540 de
688 2497 844 2557 quibus
870 2495 999 2556 paulo
1023 2505 1121 2538 ante
1144 2494 1308 2551 dixisti,
1331 2495 1527 2554 quamvis
1557 2492 1615 2536 illi
1639 2510 1703 2536 or-

344 2590 440 2625 nate
467 2589 511 2624 et
542 2579 748 2639 graviter,
774 2586 848 2620 aut
876 2576 928 2620 de
952 2586 1108 2619 natura
1135 2592 1300 2631 rerum,
1326 2584 1401 2618 aut
1425 2573 1476 2616 de
1499 2573 1701 2616 humanis

345 2662 470 2704 rebus
489 2659 737 2719 loquantur.
764 2656 964 2701 Nitidum
989 2655 1207 2715 quoddam
1230 2671 1364 2715 genus
1387 2663 1449 2697 est
1468 2653 1700 2696 verborum
