1843 3166
298 183 341 217 33
349 187 366 224 l,
812 182 876 216 DE
903 182 1148 217 ORATORE.

293 262 367 294 lum
386 259 533 306 legunt,
560 258 692 295 eodem
712 271 837 305 sensu,
860 259 965 307 quod
985 259 1032 295 ab
1053 259 1219 296 asinariis
1238 261 1364 308 potius
1383 274 1494 310 quam
1519 264 1565 299 ab
1585 266 1655 300 im—

293 321 528 368 peratoribus
551 320 685 357 ductus
706 321 772 366 sit;
798 320 881 366 scd,
908 320 978 356 nisi
1014 321 1135 367 fallor,
1163 322 1404 369 proverbium
1430 325 1536 371 quod
1558 338 1652 373 pro—

294 382 378 427 tuli,
398 381 629 417 verissimum
649 394 795 417 sensum
824 382 953 429 aperit.
979 383 1150 418 Tummn.
1174 404 1226 410 ——
1252 383 1324 418 Alii
1345 391 1478 431 putant
1501 386 1652 432 plenum

293 442 535 490 proverbium
554 443 666 478 fuisse
694 456 702 477 :
723 445 820 491 Agas
845 443 1012 488 asellum,
1033 455 1182 479 cursum
1204 456 1281 479 non
1303 444 1510 480 docebitur.
1530 448 1628 482 LEM.

343 506 401 539 De
427 506 470 539 L.
497 505 659 539 Manlio.
683 504 849 540 Comitiis
875 504 1088 540 centuriatis
1109 506 1275 540 consules
1302 513 1337 541 et
1355 514 1533 553 praetores
1553 521 1656 544 crea—

292 566 438 601 bantur.
462 567 600 601 Consul
630 572 750 601 autem
779 566 897 601 factus
922 574 976 601 est
1006 567 1047 602 L.
1076 567 1238 602 Manlius
1261 567 1458 613 Acidinus,
1478 580 1509 604 a.
1540 570 1587 605 U.
1614 572 1653 606 C.

293 628 387 672 574,
408 640 492 662 cum
515 629 560 672 Q.
589 627 721 662 Fulvio
747 629 891 664 Flacco.
919 630 1141 675 Quanquam
1169 628 1230 663 alii
1255 628 1363 663 etiam
1389 629 1486 665 forte
1509 631 1655 667 Acidini

291 696 375 723 ante
401 690 632 723 consulatum
652 696 737 723 sunt
761 689 907 735 adepti,
928 690 973 724 de
993 691 1129 736 quibus
1147 690 1256 735 jocus
1274 690 1371 726 forte
1391 692 1507 739 accipi
1526 693 1654 739 possit.

290 750 333 783 In
354 748 510 783 comitiis
529 756 651 782 autem
670 756 861 796 rogatores
881 748 1103 783 dicebantur
1123 750 1310 795 consules,
1337 751 1403 798 qui
1422 753 1569 789 comitia
1586 754 1654 789 ha-

290 811 448 854 bebant3
473 810 537 845 sed
571 816 607 844 et
630 809 684 843 illi
710 809 776 856 qui
800 809 838 843 in
867 810 1033 845 centuria
1054 810 1177 857 aliqua
1202 811 1377 860 suffragia
1402 814 1584 860 rogabant
1618 823 1654 850 et

288 872 550 906 renuntiabant
583 870 726 906 consuli
753 870 902 906 comitia
926 871 1101 917 habenti,
1121 872 1374 921 interrogante
1397 886 1589 921 praecone,
1612 884 1654 911 ut

289 940 367 967 tum
385 932 509 980 Scipio
529 932 794 980 Maluginensis
813 933 851 967 in
869 945 934 967 sua
954 933 1120 969 centuria
1140 933 1237 968 fecit.
1263 934 1433 970 Meminit
1452 936 1561 972 etiam
1587 938 1653 973 Li—

287 994 368 1028 vius
392 995 442 1028 M.
477 993 640 1028 Cornelii
661 993 949 1041 Maluginensis,
973 994 1037 1029 lib.
1073 1007 1133 1039 1v,
1158 994 1224 1041 qui
1247 996 1376 1030 consul
1400 996 1470 1031 fuit
1499 1010 1584 1032 cum
1611 1000 1651 1034 L.

287 1054 436 1100 Papirio
462 1054 613 1098 Crasso,
633 1054 758 1089 multis
778 1061 861 1089 ante
880 1055 991 1100 hujus
1012 1062 1154 1090 aetatem
1174 1056 1335 1101 saeculis,
1355 1056 1384 1091 si
1406 1057 1451 1092 de
1476 1070 1520 1093 eo
1541 1060 1653 1094 Man-

287 1105 356 1159 lio,
377 1127 488 1162 quem
509 1114 603 1159 dixi,
621 1114 749 1160 jocum
771 1115 1034 1163 interpreteris.
1056 1118 1110 1151 Ac
1134 1130 1225 1152 voce
1247 1123 1326 1152 tum
1349 1118 1524 1166 suffragia
1538 1147 1548 1164 ,
1573 1133 1650 1155 non

285 1176 418 1211 tabella
453 1176 678 1221 ferebantur,
707 1177 877 1211 nondum
913 1176 994 1212 latis
1031 1177 1175 1225 legibus
1210 1178 1417 1214 tabellariis.
1446 1181 1652 1228 Rogatores

286 1244 408 1271 autem
434 1237 710 1273 renuntiatores
738 1238 988 1273 centuriarum
1012 1239 1143 1284 fuisse,
1178 1239 1286 1274 docet
1313 1239 1466 1285 Cicero,
1497 1241 1561 1277 lib.
1598 1255 1651 1288 11,

286 1299 332 1332 de
355 1299 474 1334 Divin.
498 1299 571 1334 Sed
590 1306 626 1333 et
650 1300 778 1334 consul
802 1300 1058 1345 renuntiabat,
1085 1308 1127 1335 ut
1156 1300 1286 1336 Cicero
1313 1302 1515 1337 Muraenam
1535 1315 1571 1338 se
1590 1316 1651 1339 re-

285 1359 472 1394 nuntiasse
498 1359 603 1395 dixit.
629 1362 753 1395 Praeco
780 1368 903 1396 autem
922 1363 1066 1409 populo
1085 1362 1325 1397 renuntiabat
1345 1375 1456 1410 quem
1485 1365 1651 1400 centuria

286 1432 442 1467 quaeque
467 1421 582 1455 relata
608 1427 643 1454 et
669 1422 878 1456 renuntiata
906 1435 926 1456 a
953 1423 1191 1471 rogatoribus
1220 1423 1362 1458 consuli
1387 1426 1574 1460 consulem
1594 1426 1650 1461 fa-

285 1488 394 1515 ceret.
416 1483 541 1525 Quum
567 1493 656 1528 ergo
676 1481 940 1528 Maluginensis
963 1493 982 1516 a
1010 1495 1181 1528 praecone
1199 1492 1408 1531 rogaretur,
1432 1493 1473 1520 ut
1496 1486 1544 1521 de
1563 1499 1651 1522 can—

283 1541 414 1575 didato
445 1542 486 1575 L.
516 1541 657 1574 Manlio
690 1541 853 1585 diceret,
876 1542 969 1587 quid
998 1542 1113 1588 ipsius
1137 1544 1303 1579 centuria
1333 1546 1551 1590 censuisset,
1591 1547 1651 1581 ille

285 1608 459 1648 tanquam
478 1613 555 1635 non
575 1600 620 1635 de
645 1600 921 1636 renuntiatione
940 1601 1191 1650 interrogatus
1222 1612 1335 1648 esset,
1358 1606 1423 1640 sed
1450 1606 1495 1641 de
1521 1608 1651 1643 Manlii

283 1662 473 1706 moribus,
501 1661 696 1709 respondit
724 1675 732 1696 :
761 1662 922 1697 «Virum
952 1663 1114 1709 bonum,
1138 1671 1175 1698 et
1205 1665 1393 1713 egregium
1426 1666 1542 1702 civem
1574 1681 1651 1704 esse

284 1736 379 1758 reor.
403 1740 417 1755 »
435 1723 548 1769 Quod
574 1735 618 1758 eo
638 1722 801 1758 festivius
822 1730 895 1769 est,
920 1723 1008 1771 quia
1026 1737 1104 1759 non
1125 1732 1269 1760 tantum
1289 1727 1335 1761 de
1354 1727 1546 1763 hominum
1564 1742 1648 1764 mo—

284 1784 409 1829 ribus,
438 1784 501 1819 sed
529 1791 565 1819 et
592 1785 639 1820 de
672 1784 876 1820 candidatis
906 1797 946 1820 ea
982 1786 1097 1821 verba
1122 1788 1236 1835 vulgo
1264 1801 1442 1835 usurpare
1470 1791 1649 1826 solebant.

283 1847 405 1880 TURN.
430 1866 481 1872 —
500 1847 530 1880 J.
552 1847 597 1880 V.
622 1847 662 1880 L.
687 1853 795 1893 putat
814 1846 851 1881 in
876 1859 920 1881 eo
949 1859 1024 1882 esse
1053 1847 1283 1896 ambiguum,
1309 1850 1415 1896 quod
1441 1850 1566 1898 Scipio
1593 1863 1650 1886 rc-

284 1906 478 1952 sponderit
499 1906 545 1942 de
564 1908 605 1942 L.
630 1907 793 1953 Manlio,
814 1919 930 1955 quum
950 1907 1246 1956 interrogaretur
1268 1910 1313 1945 de
1333 1912 1374 1945 L.
1399 1912 1541 1946 Manlio
1560 1912 1648 1947 Aci-

284 1967 394 2012 dino,
418 1967 522 2014 quasi
547 1967 658 2003 alium
682 1980 823 2015 praeco,
844 1969 957 2004 alium
981 1969 1106 2016 Scipio
1129 1970 1401 2006 intellexissent.
1429 1973 1526 2007 LEM.

336 2030 377 2064 L.
403 2029 552 2063 Porcius
583 2030 723 2064 Nasica
746 2032 901 2065 ‘censore'
927 2031 1072 2066 Catoni.
1101 2032 1170 2067 Hic
1200 2032 1350 2080 quidem
1376 2032 1508 2067 vitium
1532 2033 1648 2079 inest3

284 2089 422 2124 Nasicae
436 2090 533 2124 enim
551 2103 628 2125 non
648 2099 733 2125 sunt
746 2104 765 2126 e
776 2091 932 2135 Porcus,
947 2092 1013 2127 sed
1025 2093 1195 2129 Catones.
1206 2095 1318 2142 Ergo,
1329 2094 1379 2129 sic
1389 2094 1536 2141 opinor,
1553 2095 1623 2130 fuit
1638 2109 1645 2130 :

284 2166 298 2181 «
312 2151 352 2184 L.
367 2150 496 2186 Nasica
517 2152 659 2186 censori
676 2152 809 2187 Porcio
829 2153 977 2198 Catoni,
992 2170 1006 2185 υ
1020 2156 1077 2189 vel
1098 2155 1270 2190 «censori
1293 2156 1425 2190 Porcio
1449 2156 1582 2191 Catoni
1603 2158 1644 2191 L.

284 2211 433 2256 Nasica,
454 2225 571 2259 quum
595 2213 695 2248 ille.»
717 2234 769 2239 -——
787 2214 981 2250 Schutzius
1013 2216 1077 2251 dat
1109 2215 1282 2251 inductus
1312 2217 1441 2252 eadem
1462 2218 1606 2253 ratione
1635 2231 1643 2253 ε

284 2287 300 2303 «
319 2272 533 2308 Ridiculum
553 2273 662 2308 etiam
683 2273 793 2318 illud,
813 2276 918 2322 quod
938 2276 1070 2311 Nasica
1111 2278 1255 2312 censori
1276 2279 1419 2314 Catoni.

336 2333 420 2368 Cn.
440 2335 556 2369 LXV.
583 2335 646 2368 Ex
665 2335 922 2372 immutatione.
949 2337 992 2372 Id
1012 2345 1080 2382 est,
1111 2344 1291 2389 ἁλληγςρίᾳ,
1312 2346 1353 2374 ut
1380 2347 1482 2386 patet
1517 2352 1642 2375 exem—

283 2393 347 2439 plo
368 2407 377 2428 ε
398 2402 438 2428 ut
453 2403 649 2430 sementem
657 2395 820 2441 feceris,
840 2398 894 2432 ita
913 2407 1037 2434 metes.
1064 2400 1183 2434 Verba
1202 2401 1399 2436 immutata
1420 2408 1505 2436 sunt
1525 2408 1645 2436 trans-

284 2454 461 2501 lationes,
489 2456 606 2503 tropi3
628 2464 681 2492 est
705 2459 823 2493 oratio
849 2461 1065 2503 immutata,
1093 2473 1209 2507 quum
1236 2468 1314 2497 tota
1333 2468 1387 2497 est
1411 2461 1578 2509 tropica,
1605 2461 1645 2496 id

285 2522 339 2550 est
356 2515 396 2550 in
413 2517 598 2566 allegoria.
621 2518 720 2553 Orat.
733 2545 744 2561 ‚
767 2532 877 2555 xxvu
897 2534 905 2555 :
929 2537 943 2552 κ
966 2523 1090 2566 Quum
1112 2520 1301 2557 fluxerunt
1319 2523 1442 2569 plures
1462 2522 1644 2558 continuae

288 2577 558 2622 translationes,
578 2577 645 2613 alia
664 2580 773 2625 plane
791 2579 833 2615 fit
853 2582 983 2618 oratio.
1005 2599 1020 2614 »
1039 2582 1288 2629 Quintilianus
1334 2582 1399 2618 lib.
1420 2596 1516 2629 viu,
1544 2595 1574 2618 c.
1602 2582 1643 2627 6,
