1843 3166
0 3156 9 3166 ;
0 2960 9 3149 4-5-2.u⁷—⁴--..

781 197 924 229 LIBER
955 198 999 230 ΙΙ.
1498 200 1561 235 133

207 295 299 332 ras,
327 288 456 338 atque
483 280 555 322 ubi
581 279 635 322 sit
664 279 794 333 illud,
819 279 937 339 quod
963 280 1134 324 studeas
1162 283 1376 337 invenire;
1405 283 1565 344 reliqua

210 368 307 401 ¹sunt
339 360 381 401 in
406 375 531 413 cura,
555 359 793 402 attentione
821 360 976 411 animi,
1008 361 1296 420 cogitatione,
1324 362 1566 421 vigilantia,

211 437 482 493 assiduitate,
506 438 672 493 labore3
690 438 951 499 complectar
972 457 1058 483 uno
1081 440 1233 497 verbo,
1253 457 1341 500 quo
1360 458 1470 502 saepe
1479 444 1566 503 jam

211 518 275 559 usi
298 533 471 574 sumus,
497 517 741 578 diligentia3
765 535 850 579 qua
870 536 954 563 una
972 520 1131 564 virtute
1149 536 1297 564 omnes
1314 522 1496 566 virtutes
1507 540 1570 567 re-

212 595 338 656 liquae
363 598 656 641 continentur.

274 679 388 721 Nam
408 679 618 722 orationis
641 680 814 739 quidem
832 683 953 741 eopia
970 681 1164 726 videmus
1179 693 1226 726 ut
1244 683 1465 727 abundent
1480 685 1572 745 phi-

212 757 408 818 losophi,
435 762 531 819 qui,
562 771 609 804 ut
646 763 803 822 opinor
831 762 934 822 (sed
965 772 1012 807 tu
1037 764 1147 820 baee,
1173 764 1347 821 Catule,
1376 765 1572 825 melius),

216 838 332 883 nulla
349 839 454 883 dant
469 852 682 902 praecepta
696 842 887 899 dicendi,
909 844 1158 888 necidcirco
1175 845 1337 900 minus,
1357 862 1571 905 quaecum-

214 936 296 979 que
315 937 380 964 res
396 922 615 982 proposita
634 933 697 966 est
715 957 725 979 ,
751 924 989 984 suscipiunt
1004 958 1015 980 7
1033 923 1086 967 de
1100 941 1185 984 qua
1198 926 1369 985 copiose
1383 935 1424 969 et
1438 926 1569 969 abun—

215 1000 367 1044 danter
393 1001 641 1062 loquantur.

277 1084 481 1126 XXXVI.
518 1086 630 1127 Tum
649 1084 964 1142 Catulus‚Est,
984 1088 1147 1146 inquit,
1173 1098 1218 1131 ut
1234 1087 1363 1141 dicis,
1387 1092 1567 1146 Antoni,

218 1173 263 1205 ut
280 1161 473 1223 plerique
487 1164 735 1225 philosophi
760 1164 878 1209 nulla
898 1166 1069 1210 tradant
1084 1178 1296 1228 praecepta
1319 1169 1515 1224 dicendi,
1536 1179 1577 1211 et

220 1243 406 1286 habeant
431 1255 630 1304 paratum
647 1255 812 1300 tamen,
841 1246 943 1305 quid
967 1247 1019 1289 de
1045 1264 1215 1306 quaque
1242 1265 1286 1290 re
1307 1248 1464 1291 (licant.
1495 1248 1576 1291 Sed

220 1322 492 1378 Aristoteles,
521 1324 577 1379 is,
615 1341 743 1383 quem
779 1326 963 1367 maxime
997 1342 1076 1386 ego
1109 1325 1320 1379 admiror,
1350 1328 1577 1386 proposuit

219 1403 428 1462 quosdam
444 1403 559 1447 locos
571 1439 582 1461 ‚
598 1421 647 1447 ex
661 1405 819 1464 quibus
833 1406 974 1449 omnis
985 1407 1232 1465 argumenti
1250 1406 1334 1460 via,
1349 1421 1435 1448 non
1451 1406 1578 1448 modo

216 1481 268 1525 ad
287 1481 644 1543 philosophorum
660 1483 1018 1543 disputationem,
1035 1483 1107 1526 sed
1121 1485 1248 1526 etiam
1264 1483 1317 1526 ad
1337 1483 1445 1527 banc
1461 1518 1471 1538 ‚
1490 1500 1573 1543 qua

221 1564 263 1604 iu
279 1564 418 1606 causis
434 1564 613 1617 utimur,
627 1565 920 1606 inveniretur:
945 1579 968 1605 a
981 1580 1070 1621 quo
1087 1563 1260 1622 quidem
1279 1564 1570 1622 hominejam-

218 1642 381 1686 dudum
397 1677 408 1696 ‚
435 1644 622 1698 Antoni,
650 1658 737 1685 non
759 1643 931 1684 aberrat
957 1642 1096 1685 oratio
1119 1651 1213 1696 tua,
1244 1643 1330 1685 sive
1354 1652 1398 1685 tu
1426 1641 1576 1685 simili—

219 1723 367 1766 tudine
385 1722 498 1766 illius
514 1723 650 1765 divini
669 1723 827 1782 ingenii
847 1723 887 1764 in
904 1721 1050 1764 eadem
1071 1723 1255 1766 incurris
1271 1724 1471 1782 vestigia,
1491 1724 1577 1765 sive

220 1806 345 1847 etiam
366 1803 438 1846 illa
461 1805 551 1863 ipsa
575 1802 714 1863 legisti
733 1813 863 1861 atque
880 1802 1089 1857 ‹lidieisti3
1120 1802 1237 1862 quod
1254 1802 1428 1862 quidem
1445 1804 1577 1862 magis

221 1884 447 1928 verisimile
476 1883 657 1927 videtur.
699 1884 800 1928 Plus
836 1886 949 1927 euim
988 1894 1030 1927 te
1064 1900 1202 1945 operae
1232 1885 1378 1944 graecis
1414 1883 1581 1927 dedisse

221 1967 349 2009 rebus
377 1965 525 2021 video,
553 1982 681 2025 quam
707 1976 972 2026 putaramus.

283 2049 396 2091 Tum
415 2046 512 2104 ille,
534 2050 719 2101 Verum,
739 2047 898 2107 inquit,
921 2064 971 2089 ex
988 2063 1052 2089 me
1071 2048 1239 2103 audies,
1260 2048 1414 2092 Catule
1432 2064 1440 2089 :
1470 2063 1579 2090 sem-

224 2144 300 2188 per
326 2143 406 2188 ego
441 2128 706 2183 existimavi,
731 2127 1036 2187 jucundiorem
1058 2138 1100 2170 et
1123 2127 1458 2186 probabiliorem
1483 2127 1584 2170 huie

227 2209 388 2270 populo
407 2219 623 2253 oratorem
651 2209 767 2263 fore,
797 2210 870 2268 qui
897 2208 1086 2267 primum
1115 2224 1245 2267 quam
1274 2209 1497 2251 minimam
1521 2223 1586 2250 ar-

226 2291 344 2334 tificii
368 2289 569 2350 alicujuS,
596 2289 751 2333 deinde
767 2287 927 2332 nullam
948 2305 1182 2348 gi‘aecarum
1198 2304 1345 2331 rerum
1375 2288 1585 2348 significa-

227 2373 389 2415 tionem
414 2371 546 2414 daret.
576 2373 716 2429 Atque
748 2386 826 2430 ego
850 2369 962 2411 idem
989 2368 1248 2424 existimavi,
1274 2367 1448 2428 pecudis
1476 2383 1587 2418 esse,

231 2469 317 2495 non
345 2451 554 2506 hominis,
581 2466 716 2510 quum
746 2459 884 2492 tantas
913 2465 978 2491 res
1001 2449 1144 2491 Graeci
1173 2449 1456 2508 susciperent,
1485 2464 1584 2506 pro-

232 2534 470 2588 fiterentur,
495 2541 664 2591 agerent
685 2565 694 2586 ,
719 2546 892 2590 seseque
907 2540 949 2572 et
965 2528 1132 2572 videndi
1153 2546 1219 2571 res
1238 2528 1561 2571 obscurissimas
1577 2561 1587 2576 ‚

236 2622 273 2656 et
297 2612 401 2657 bene
431 2612 618 2668 vivendi,
650 2622 687 2654 et
718 2612 889 2671 copiose
917 2609 1084 2652 dicendi
1110 2610 1318 2652 rationem
1343 2605 1588 2649 homiuibus
