1843 3166
338 179 356 201 2
373 172 407 209 ‚4
859 166 923 200 m:
951 166 1187 202 ORATORE

336 251 550 293 sustinent
572 267 581 292 :
609 260 750 293 tamen
766 250 927 293 habent
949 267 1034 293 non
1055 250 1151 310 plus
1168 250 1385 306 utilitatis,
1404 267 1532 310 quam
1553 250 1689 310 digni-

336 330 447 372 tatis.
472 330 677 390 Capitolii
699 331 914 391 fastigium
933 330 1062 387 illud,
1087 341 1129 374 et
1143 341 1382 375 ceterarum
1399 329 1576 386 aedium,
1601 346 1689 373 non

335 420 554 465 venustas,
582 411 655 454 scd
679 413 906 455 necessitas
942 413 1031 472 ipsa
1063 413 1269 455 fabricata
1303 422 1378 455 cst.
1412 413 1524 455 Nam
1554 425 1688 470 quum

333 500 441 533 esset
462 491 608 533 habita
625 493 758 546 ratio,
781 490 1145 551 quemadmodum
1166 509 1215 535 cx
1235 502 1420 551 utraque
1440 489 1540 534 tecti
1565 497 1688 549 parte

332 586 443 629 aqua
468 570 763 627 delaberetur3
791 571 1021 615 utilitatem
1041 571 1200 633 fastigii
1223 571 1370 632 templi
1386 571 1571 631 dignitas
1587 586 1690 613 con-

333 660 478 692 secuta
500 660 562 693 est
591 667 599 692 :
634 661 703 705 ut,
726 652 891 693 etiamsi
922 653 965 694 in
988 651 1095 694 coelo
1126 650 1389 711 Capitolium
1413 659 1689 705 statueretur,

334 730 406 772 ubi
425 730 565 772 imber
592 747 683 773 esse
706 747 791 772 non
818 740 980 791 potest,
1004 730 1167 774 nullam
1189 732 1282 774 sine
1314 730 1484 791 fastigio
1506 729 1691 791 dignita-

335 820 418 852 tem
449 810 698 853 habiturum
722 810 852 853 fuisse
881 810 1091 853 videatur.

397 892 490 932 Hoc
505 891 549 932 in
565 890 766 933 omnibus
783 892 886 933 item
908 891 1102 951 partibus
1120 891 1328 934 orationis
1348 891 1512 945 evenit,
1541 900 1590 935 ut
1606 891 1691 934 uti-

336 968 501 1012 litatem
528 986 576 1013 ac
603 987 739 1031 prope
765 972 1063 1014 necessitatem
1091 972 1277 1015 suavitas
1295 971 1491 1032 quaedam
1509 980 1549 1015 et
1573 970 1692 1032 lepos

336 1059 637 1108 consequatur.
654 1048 881 1094 Clausulas
896 1052 1011 1093 enim
1025 1060 1153 1111 atque
1171 1052 1444 1112 interpuncta
1459 1051 1690 1095 verborum

333 1129 485 1171 animae
512 1128 760 1173 interclusio
781 1140 910 1190 atque
934 1132 1143 1191 angustiae
1168 1132 1344 1192 spiritus
1362 1130 1614 1175 attulerunt.
1641 1131 1689 1174 Id

334 1210 557 1252 inventum
591 1210 649 1252 ita
685 1220 749 1253 est
773 1227 929 1267 suave,
962 1221 1012 1255 ut
1039 1212 1074 1254 si
1109 1212 1177 1254 cui
1213 1213 1269 1255 sit
1295 1211 1489 1255 infinitus
1513 1211 1691 1272 spiritus

335 1289 483 1344 datus,
516 1300 660 1333 tamen
683 1307 781 1334 eum
807 1301 1067 1352 perpetuare
1096 1292 1225 1335 verba
1259 1292 1444 1336 nolimus
1471 1308 1481 1335 ε
1509 1290 1553 1334 id
1578 1291 1690 1335 enim

333 1369 509 1411 auribus
525 1371 684 1413 nostris
703 1380 873 1429 gratum
894 1381 956 1414 est
971 1372 1220 1427 inventum,
1244 1372 1358 1432 quod
1381 1372 1608 1416 hominum
1629 1371 1691 1415 la-

335 1449 499 1491 teribus
517 1465 604 1491 non
620 1449 840 1493 tolerabile
856 1449 997 1493 solum
1011 1485 1022 1507 ,
1048 1442 1267 1495 sedetiam
1288 1451 1413 1495 facile
1430 1468 1520 1495 esse
1535 1461 1690 1512 posset.

400 1530 578 1570 XLVII.
608 1529 880 1586 Longissima
906 1539 970 1571 est
1002 1530 1134 1588 igitur
1167 1530 1408 1590 complexio
1432 1531 1690 1587 verborum,

337 1623 431 1666 quae
454 1605 567 1649 volvi
593 1622 679 1649 uno
703 1607 857 1666 spiritu
879 1616 1034 1666 potest.
1057 1607 1138 1650 Sed
1157 1609 1227 1651 hic
1246 1619 1410 1652 naturae
1432 1610 1586 1653 modus
1604 1619 1690 1666 est,

335 1687 438 1729 artis
470 1685 592 1729 alius.
619 1687 732 1730 Nam
764 1703 898 1746 quum
933 1687 1018 1730 sint
1046 1689 1216 1731 numeri
1242 1687 1411 1748 plures,
1432 1689 1623 1732 iambum
1649 1699 1691 1733 et

334 1766 570 1809 trochaeum
604 1766 872 1827 frequentem
908 1777 1102 1827 segregat
1135 1768 1189 1810 ab
1218 1778 1391 1812 oratore
1419 1769 1690 1827 Aristoteles,

333 1845 507 1901 Catule,
542 1855 692 1901 vester,
722 1847 795 1905 qui
820 1856 976 1889 natura
994 1856 1137 1890 tamen
1167 1848 1399 1892 incurrunt
1424 1850 1504 1909 ipsi
1526 1851 1569 1892 in
1590 1867 1689 1894 ora-

332 1925 493 1968 tionem
514 1941 841 1985 sermonemque
863 1936 1082 1982 nostrum3
1105 1927 1177 1971 sed
1193 1938 1294 1971 sunt
1309 1929 1499 1990 insignes
1517 1946 1691 1989 percus-

335 2005 475 2048 siones
501 2022 651 2049 eorum
676 2023 978 2063 numerorum,
1015 2017 1057 2050 et
1082 2009 1239 2052 minuti
1263 2010 1404 2069 pedes.
1428 2011 1573 2066 Quare
1601 2012 1690 2070 pri-

331 2100 452 2126 mum
476 2085 529 2127 ad
554 2086 735 2128 heroum
770 2103 848 2130 nos
886 2085 1070 2146 dactyli,
1095 2098 1137 2131 et
1171 2090 1394 2149 anapaesti,
1433 2099 1475 2133 et
1511 2090 1687 2150 spondei

332 2163 484 2222 pedem
508 2165 660 2208 invitat
687 2183 695 2208 :
722 2166 766 2208 in
792 2183 878 2225 quo
902 2167 1077 2228 impune
1111 2170 1313 2229 progredi
1347 2169 1446 2214 licet
1468 2171 1554 2215 duo
1579 2171 1690 2215 dun-

333 2251 450 2286 taxat
483 2244 634 2303 pedes,
663 2255 737 2287 aut
766 2245 911 2304 paullo
938 2247 1056 2308 plus,
1085 2265 1138 2292 ne
1164 2248 1289 2309 plane
1314 2250 1357 2293 in
1395 2267 1585 2308 versum,
1614 2262 1689 2295 aut

332 2322 661 2366 similitudinem
692 2341 894 2368 versuum
934 2327 1188 2371 incidamus.
1218 2329 1322 2374 Aliae
1362 2340 1463 2374 sunt
1487 2332 1686 2392 geminae,

331 2401 488 2460 quibus
513 2402 557 2445 hi
586 2412 671 2447 tres
688 2403 807 2447 heroi
834 2406 963 2465 pedes
986 2408 1030 2450 in
1056 2408 1268 2469 principia
1290 2410 1687 2456 continuandorum

333 2482 563 2525 verborum
582 2484 682 2526 satis
706 2483 859 2528 decore
881 2487 1054 2530 cadunt.

395 2561 610 2605 Probatur
637 2572 779 2606 autem
802 2565 854 2607 ab
877 2566 1024 2610 eodem
1048 2568 1121 2611 illo
1145 2571 1326 2614 maxime
1354 2588 1503 2631 paeon3
1527 2574 1599 2634 qui
1626 2583 1687 2617 est
