1843 3166
722 193 863 227 LIBER
894 193 958 226 III.
1433 200 1452 224 2
1463 201 1503 226 21

167 275 260 319 «filis
280 287 343 320 est
367 287 455 321 tota
471 293 556 330 res,
575 286 621 319 ut
645 277 750 319 mihi
773 276 1008 336 permirum
1022 290 1131 335 saepe
1146 275 1354 330 videatur,
1377 291 1508 334 quum

167 354 381 400 difficilius
402 356 679 417 intelligatur,
708 355 812 415 quid
835 365 1041 415 patronus
1062 353 1164 397 velit
1193 354 1352 410 dicere,
1383 371 1509 413 quam

168 437 200 477 si
229 437 316 495 ipse
341 436 430 491 ille,
456 437 527 496 qui
555 445 784 494 patronum
801 434 997 490 adhibet,
1019 434 1073 476 de
1093 450 1138 476 re
1163 449 1238 476 sua
1265 433 1435 476 diceret.

230 516 302 559 Isti
323 517 457 571 enim,
479 515 553 574 qui
575 514 628 557 ad
647 530 724 557 nos
745 530 894 557 causas
915 513 1135 568 deferunt,
1153 514 1212 556 ita
1235 529 1312 556 nos
1337 511 1516 572 plerum-

168 611 252 653 que
279 595 357 654 ipsi
389 594 564 649 docent,
591 603 636 637 ut
670 610 758 637 non
783 593 997 637 desideres
1021 592 1190 653 planius
1210 592 1307 635 dici.
1334 591 1515 636 Easdem

170 691 235 717 res
263 684 405 717 autem
433 673 559 718 simul
586 691 635 718 ac
658 675 836 730 Furius,
858 683 934 717 aut
958 683 1098 717 vester
1129 672 1299 733 aequalis
1334 675 1519 732 Pompo-

169 755 283 810 nius,
304 770 430 815 agere
447 755 596 814 coepit,
616 771 701 797 non
718 770 857 814 aeque,
883 753 988 813 quid
1003 753 1170 810 dicant,
1192 753 1272 796 nisi
1287 751 1518 795 admodum

169 834 354 890 attendi,
372 833 568 895 intelligo
588 851 596 877 :
626 835 685 878 ita
706 834 885 877 confusa
900 843 964 877 est
987 834 1145 887 oratio,
1170 833 1229 876 ita
1245 833 1493 893 perturbata
1507 866 1518 887 ,

169 914 277 959 nihil
303 925 350 958 ut
376 916 429 958 sit
455 916 662 976 primum,
687 913 794 958 nihil
820 924 867 958 ut
890 913 1147 969 secundum,
1170 923 1374 972 tantaque
1404 913 1518 956 inso-

171 994 302 1039 lentia
335 1012 384 1039 ac
413 995 541 1039 turba
566 996 820 1052 verborum,
846 1005 893 1038 ut
917 995 1077 1050 oratio,
1101 1010 1195 1053 quae
1228 992 1376 1036 lumen
1397 992 1520 1036 adhi-

168 1076 270 1119 bere
301 1076 429 1119 rebus
460 1076 605 1132 debet,
640 1092 688 1119 ea
712 1076 1019 1120 obscuritatem
1052 1084 1096 1118 et
1122 1074 1318 1118 tenebras
1345 1072 1520 1127 afferat,

168 1165 296 1216 atque
329 1167 377 1200 ut
410 1156 731 1216 quodammodo
767 1158 847 1217 ipsi
875 1157 954 1200 sibi
989 1158 1032 1199 in
1066 1155 1249 1200 dicendo
1276 1155 1523 1215 obstrepere

169 1236 410 1281 videantur.

231 1319 418 1374 Verum,
454 1319 488 1361 si
525 1317 688 1378 placet,
727 1319 930 1378 quoniam
959 1319 1049 1361 haec
1083 1318 1183 1361 satis
1221 1332 1366 1376 spero,
1403 1315 1524 1357 vobis

168 1396 342 1457 quidem
374 1407 490 1441 certe
526 1398 782 1458 majoribus,
821 1397 999 1440 molesta
1033 1406 1075 1439 et
1102 1395 1252 1456 putida
1287 1394 1441 1450 videri,
1470 1392 1522 1436 ad

170 1475 333 1536 reliqua
360 1476 583 1537 aliquanto
604 1476 820 1520 odiosiora
843 1492 1087 1537 pergamus.

233 1559 352 1601 XIV.
379 1584 442 1590 ——
468 1558 600 1617 Atqui
632 1557 769 1611 vides,
813 1558 954 1616 inquit
989 1556 1222 1611 Antonius,
1259 1571 1387 1614 quam
1423 1553 1526 1597 alias

172 1654 239 1680 res
260 1654 459 1698 agamus,
485 1655 616 1697 quam
640 1647 680 1680 te
699 1638 824 1680 inviti
847 1637 1093 1692 audiamus,
1114 1636 1188 1695 qui
1208 1635 1363 1678 adduci
1379 1651 1528 1694 possu-

175 1735 270 1762 mus
297 1717 375 1779 (de
404 1734 472 1761 me
504 1718 619 1760 enim
654 1716 888 1777 conjicio),
913 1715 1072 1760 relictis
1097 1726 1146 1759 ut
1172 1716 1301 1759 rebus
1328 1715 1528 1758 omnibus

174 1808 216 1842 te
239 1807 470 1853 sectemur,
494 1807 537 1840 te
553 1797 781 1841 audiamus
809 1814 818 1840 t
853 1798 911 1840 ita
932 1796 983 1840 de
1007 1796 1194 1840 horridis
1219 1796 1347 1839 rebus
1372 1794 1527 1849 nitida,

174 1877 226 1921 de
249 1878 406 1938 jejunis
424 1877 573 1938 plena,
597 1877 649 1921 de
669 1876 932 1938 pervulgatis
953 1893 1064 1920 nova
1088 1876 1284 1936 quaedam
1309 1884 1372 1918 est
1392 1874 1529 1917 oratio

175 1956 270 2002 tua!

236 2037 473 2082 *Faciles
499 2039 638 2095 enim,
670 2038 830 2097 inquit,
868 2037 1054 2089 Antoni,
1084 2046 1226 2096 partes
1265 2052 1323 2079 eae
1353 2035 1530 2078 fuerunt

173 2118 287 2171 duae,
313 2135 419 2178 quas
438 2119 569 2163 modo
593 2118 863 2179 percucurri,
889 2116 960 2161 vel
993 2118 1136 2177 potius
1169 2133 1289 2177 paene
1322 2115 1529 2176 praeterii,

174 2198 307 2243 latine
331 2198 556 2259 loquendi,
573 2197 784 2260 planeque
809 2198 1006 2241 dicendi:
1033 2197 1208 2257 reliquae
1225 2206 1326 2241 sunt
1347 2212 1531 2255 magnae,

175 2278 427 2339 implicatae,
455 2281 604 2335 variae,
641 2295 812 2340 graves,
848 2278 1006 2337 quibus
1033 2278 1175 2321 omnis
1208 2276 1436 2321 admiratio
1466 2275 1531 2317 in—

175 2360 310 2421 genii,
335 2360 474 2404 omnis
497 2359 588 2403 laus
610 2359 866 2420 eloquentiae
889 2359 1149 2402 continetur.
1167 2359 1306 2402 Nemo
1325 2357 1438 2400 enim
1459 2372 1533 2398 un-

178 2456 307 2500 quam
332 2450 396 2484 est
420 2450 655 2497 oratorem,
679 2440 798 2501 quod
831 2439 962 2483 latine
994 2438 1259 2498 loqueretur,
1282 2437 1529 2481 admiratus,

179 2521 222 2563 Si
247 2529 311 2563 est
327 2519 473 2576 aliter,
488 2520 693 2574 irrident3
712 2536 850 2580 neque
866 2536 963 2562 eum
979 2527 1196 2562 oratorem
1213 2514 1510 2560 tantummodo
1521 2549 1530 2563 ,

179 2599 252 2643 sed
274 2600 494 2645 hominem
515 2618 602 2645 non
627 2610 794 2661 putant.
821 2601 960 2644 Nemo
977 2597 1129 2642 extulit
1152 2614 1250 2642 eum
1274 2596 1432 2651 verbis,
1458 2594 1530 2654 qni
