1843 3166
756 189 902 224 LIBER
932 189 977 222 11.
1483 195 1554 231 163

179 273 369 335 jusmodi
399 275 509 330 sint,
538 271 708 316 facilius
731 273 821 332 jam
852 272 1168 334 intelligemus,
1207 293 1341 335 quum
1375 279 1428 323 ad
1463 280 1558 341 ipsa

183 354 471 400 ridiculorum
494 369 652 415 genera
675 354 935 398 venerimus.

245 439 346 480 Duo
378 436 495 479 enim
523 443 626 477 sunt
658 449 817 495 genera
850 435 1103 479 facetiarum
1121 471 1132 492 ,
1161 454 1349 497 quorum
1375 439 1558 486 alterum

185 536 229 562 re
256 526 484 573 tractatur,
513 514 697 559 alterum
724 515 855 559 dicto.
898 519 985 572 Re,
1025 518 1059 560 si
1092 518 1269 578 quando
1297 519 1426 579 quid,
1464 531 1559 565 tan-

184 615 316 659 quam
345 596 491 656 aliqua
524 595 705 650 fabella,
746 607 964 654 narratur,
997 609 1045 642 ut
1070 598 1175 643 olim
1201 609 1270 655 tu,
1301 602 1479 657 Crasse,
1517 603 1562 646 in

184 678 467 732 Memmium,
495 677 770 722 «comedisse
801 695 902 722 eum
938 678 1151 724 lacertum
1183 682 1352 742 Largii,
1371 702 1391 723 »
1427 699 1562 743 quum

186 770 298 805 esset
322 776 422 804 cum
447 776 498 803 eo
519 760 766 804 Tarracinae
791 760 843 804 de
867 761 1056 806 amicula
1080 763 1245 806 rixatus
1267 780 1275 806 :
1302 762 1436 820 salsa,
1459 773 1566 808 atta-

187 858 288 885 men
312 857 336 884 a
360 851 400 885 te
429 842 523 901 ipso
551 840 652 886 ficta
687 850 778 885 tota
810 843 1019 886 narratio.
1049 842 1268 888 Addidisti
1298 843 1565 900 clausulam,

186 932 280 966 tota
317 922 557 966 Tarracina
599 932 693 966 tum
729 923 934 966 omnibus
976 924 1020 966 in
1063 924 1300 984 parietibus
1337 925 1567 986 inscriptas

187 1003 318 1047 fuisse
345 1002 530 1059 litteras,
557 1003 642 1046 tria
664 1005 798 1059 LLL,
828 1003 916 1047 duo
941 1005 1065 1060 MM;
1094 1021 1230 1064 quum
1255 1022 1469 1065 quaereres
1486 1041 1497 1061 ,
1523 1005 1569 1050 id

189 1084 295 1144 quid
332 1095 462 1141 esset,
504 1101 651 1128 senem
687 1084 766 1128 tibi
805 1085 1041 1145 quemdam
1076 1085 1349 1146 oppidanum
1387 1086 1567 1143 dixisse,

190 1185 210 1205 «
229 1167 413 1209 Lacerat
428 1163 640 1209 lacertum
660 1166 809 1226 Largii
830 1165 1012 1209 mordax
1031 1167 1279 1210 Memmius.
1301 1187 1322 1208 »

254 1246 524 1306 Perspicitis,
556 1246 640 1289 hoc
665 1262 802 1306 genus
829 1262 959 1306 quam
994 1247 1049 1289 sit
1079 1246 1290 1302 facetum,
1327 1263 1458 1307 quam
1487 1247 1570 1292 ele-

192 1343 320 1388 gans,
345 1343 477 1387 quam
501 1327 766 1379 oratorium,
802 1327 891 1370 sive
919 1327 1079 1371 habeas
1103 1344 1223 1384 vere,
1250 1328 1369 1388 quod
1395 1345 1572 1372 narrare

194 1408 356 1468 possis,
397 1406 517 1467 quod
544 1416 690 1450 tamen
724 1417 789 1450 est
824 1407 1200 1451 mendaciunculis
1227 1409 1573 1470 aspergendum,

194 1489 284 1532 sive
305 1487 456 1549 fingas.
490 1490 569 1531 Est
592 1497 739 1531 autem
765 1488 856 1532 haec
884 1488 1018 1548 hujus
1053 1489 1224 1549 generis
1249 1489 1408 1545 virtus,
1441 1499 1491 1533 ut
1515 1491 1576 1534 ita

193 1568 308 1612 facta
338 1567 632 1625 demonstres,
675 1579 724 1612 ut
761 1585 903 1613 mores
939 1569 1057 1629 ejus,
1099 1568 1152 1612 de
1186 1585 1274 1629 quo
1314 1587 1485 1627 narres,
1527 1580 1576 1614 ut

196 1666 360 1704 sermo,
399 1658 449 1693 ut
478 1648 621 1692 vultus
653 1665 806 1692 omnes
834 1650 1152 1709 exprimantur,
1192 1659 1241 1693 ut
1274 1650 1345 1706 iis,
1388 1651 1463 1710 qui
1496 1667 1575 1695 au-

197 1729 346 1785 diunt,
374 1740 467 1774 turn
493 1730 584 1790 geri
604 1729 677 1773 illa
697 1730 880 1790 fierique
903 1730 1149 1775 videantur.

262 1813 314 1854 In
342 1827 388 1854 re
418 1819 482 1853 est
496 1811 601 1853 item
619 1809 882 1867 ridiculum,
907 1811 1026 1871 quod
1050 1827 1100 1855 ex
1124 1811 1314 1871 quadam
1340 1812 1578 1873 depravata

199 1892 441 1935 imitatione
465 1892 579 1935 sumi
607 1890 740 1947 solet,
771 1902 818 1935 ut
843 1892 958 1935 idem
985 1895 1190 1949 Crassus,
1219 1909 1333 1954 «per
1356 1903 1475 1937 tuam
1500 1911 1579 1938 no-

199 1971 439 2028 bilitatem,
466 1988 544 2032 per
573 1982 762 2016 vestram
795 1972 1019 2016 familiam.
1050 1993 1070 2013 n
1097 1973 1219 2029 Quid
1253 1972 1373 2017 aliud
1402 1974 1502 2030 fuit,
1536 1976 1579 2018 in

200 2070 287 2114 quo
318 2054 471 2097 concio
512 2053 695 2110 rideret,
727 2055 810 2098 nisi
846 2053 919 2097 illa
954 2053 1101 2098 vultus
1138 2063 1180 2098 et
1215 2055 1330 2098 vocis
1364 2054 1582 2098 imitatio?

201 2154 222 2175 <‹
238 2136 320 2178 Per
344 2144 440 2178 tuas
471 2144 673 2179 statuas»
701 2152 802 2179 vero
829 2152 965 2195 quum
994 2135 1121 2191 dixit,
1148 2146 1189 2179 et
1209 2146 1383 2180 extento
1404 2136 1582 2180 brachio

204 2212 449 2274 paullulum
474 2216 605 2259 etiam
628 2215 681 2259 de
707 2226 829 2276 gestu
855 2216 1042 2272 addidit,
1067 2217 1370 2261 vehementius
1395 2217 1580 2260 risimus.

203 2297 268 2338 Ex
299 2295 384 2339 hoe
415 2312 571 2356 genere
603 2307 667 2340 est
701 2295 774 2340 illa
802 2297 1020 2340 Rosciana
1054 2297 1241 2340 imitatio
1270 2299 1414 2341 senis:
1444 2298 1577 2342 «Tibi

205 2393 304 2437 ege,
346 2376 564 2436 Antipho,
602 2377 680 2421 has
721 2394 836 2433 sero,
865 2397 886 2417 »
928 2378 1081 2437 inquit.
1125 2378 1304 2421 Senium
1330 2386 1414 2431 est,
1449 2393 1579 2437 quum

206 2456 349 2500 audio.
385 2459 532 2516 Atque
560 2457 620 2500 ita
645 2468 710 2501 est
740 2467 886 2501 totum
911 2457 996 2501 hoc
1025 2458 1119 2517 ipso
1151 2474 1307 2518 genere
1329 2456 1583 2511 ridiculum,

208 2546 257 2580 ut
283 2538 530 2581 cautissime
560 2538 838 2581 tractandum
866 2539 932 2580 sit.
963 2539 1205 2582 Mimorum
1234 2547 1296 2582 est
1322 2538 1439 2580 enim
1458 2536 1583 2579 etho-

210 2617 431 2679 logorum,
466 2619 502 2662 si
528 2619 660 2662 nimia
687 2629 753 2663 est
779 2620 992 2675 imitatio,
1027 2621 1139 2664 sicut
1169 2620 1438 2665 obscoenitas.
1471 2620 1584 2663 Ora-

1387 2712 1452 2739 ΙΙ.
