1843 3166
599 193 993 228 ADNOTATIONES.
1395 199 1439 234 32
1450 212 1462 234 1

127 267 164 302 in
186 268 333 303 Catonis
355 268 523 304 Censorii
544 269 625 303 vita.
650 268 859 317 Legationis
884 269 979 304 illius
1000 276 1142 315 tempus
1167 270 1257 305 mira
1278 279 1468 309 auctorum

127 329 353 365 dissensione
373 328 531 364 traditur
551 342 559 363 :
580 330 697 364 Aulus
717 330 876 373 Gellius,
896 331 918 364 l.
940 343 1042 374 xvn,
1062 341 1093 364 c.
1122 331 1185 365 ult.
1198 359 1208 375 ,
1239 333 1306 367 sub
1331 334 1466 369 bellum

124 389 303 435 punicum
332 391 487 425 alterum
515 389 597 423 illos
630 389 819 424 advenisse
850 390 984 435 refert,
1009 402 1050 424 ac
1079 392 1319 436 posteriorem
1343 407 1470 429 eorum

123 449 286 485 adventu
304 450 390 485 facit
408 448 584 492 Ennium3
604 449 707 495 quod
728 461 796 498 ego
821 449 950 486 falsum
973 450 1145 494 arbitror,
1165 451 1192 485 si
1211 452 1358 498 quidem
1379 455 1470 489 obiit

122 510 262 545 Ennius
288 522 319 545 a.
342 512 386 546 U.
407 510 446 544 C.
469 507 553 544 585.
580 512 625 544 At
644 510 791 554 Cicero,
816 511 853 545 in
871 512 1046 553 Lucullo,
1076 523 1164 555 XLV,
1184 511 1400 558 legationem
1424 516 1470 549 il-

123 572 195 605 lam
217 571 374 619 assignat
401 572 439 605 P.
470 569 636 617 Scipioni
658 577 693 605 et
712 572 889 606 Marcello
909 571 1138 615 consulibus,
1162 584 1193 606 a.
1222 571 1305 620 599.
1333 575 1469 609 Verum

122 631 334 675 Pausanias,
359 630 398 665 in
423 630 622 674 Achaicis,
655 632 723 666 sub
747 643 778 666 a.
811 630 906 676 603,
943 631 1025 666 illos
1057 632 1245 668 advenisse
1280 633 1470 681 significat.

121 692 276 734 Pla-rav„
297 691 381 725 Rat.
403 699 510 738 temp.
519 717 531 734 ,
560 703 620 735 ιν,
646 703 701 726 12.
724 692 828 726 -A.
855 690 928 726 603
956 691 995 726 id
1019 692 1179 728 evenisse
1205 700 1311 739 putat
1335 694 1468 730 Casau-

120 751 242 787 bonus
260 750 299 785 in
321 751 480 799 Synopsi
501 752 554 786 ad
572 752 700 797 Polyb.

174 812 274 847 Sicut
296 812 431 847 Zethus
456 812 528 846 ille.
550 812 701 854 Zethus,
727 811 829 846 Jovis
849 817 885 845 et
903 811 1081 858 Antiopes
1100 810 1212 857 filius,
1232 814 1333 860 apud
1350 815 1467 850 Pacu-

119 871 220 906 vium
240 872 402 919 disputat
423 885 506 907 cum
529 871 736 918 Amphione
755 872 868 906 fratre
887 871 933 906 de
952 872 1109 916 musica,
1129 880 1170 907 ut
1191 873 1304 908 homo
1324 875 1370 909 ab
1391 887 1470 909 om-

117 931 226 967 nibus
253 933 392 968 artibus
413 931 672 976 alienissimus;
695 939 804 978 atque
822 932 898 966 haec
923 931 1145 979 disputatio,
1170 940 1212 968 ut
1240 934 1290 968 ait
1320 935 1468 979 Cicero,

117 991 180 1026 lib.
211 1004 262 1036 11,
275 993 321 1026 de
331 993 559 1035 Inventione,
576 992 615 1026 in
627 991 811 1038 sapientiae
833 991 1032 1037 rationem,
1052 1000 1087 1027 et
1108 993 1253 1028 virtutis
1277 994 1470 1030 utilitatem

119 1051 359 1086 consumitur.
385 1053 474 1087 TAL.

174 1112 220 1145 Ut
232 1112 492 1159 Neoptolemus
511 1113 618 1159 apud
632 1113 805 1148 Ennium.
826 1115 1092 1161 Neoptolemus
1114 1113 1213 1160 apud
1231 1114 1390 1149 Ennium
1421 1114 1471 1149 ait

119 1183 194 1206 esse
219 1172 430 1219 imperatori
458 1172 817 1220 philosophandum,
848 1174 913 1209 sed
939 1173 1066 1221 paucis
1075 1187 1084 1217 3
1110 1181 1145 1208 et
1170 1173 1221 1208 sic
1251 1174 1391 1209 oratori
1415 1175 1469 1209 fa-

118 1231 291 1267 ciendum
310 1239 380 1278 est,
400 1240 521 1268 censet
539 1234 735 1269 Antonius.

168 1293 252 1328 Cip.
273 1294 351 1328 XL.
371 1294 413 1338 Q.
431 1294 634 1329 Metellum.
652 1296 696 1329 A.
719 1296 765 1330 U.
781 1295 819 1330 C.
835 1295 928 1340 6³7,
945 1301 1142 1342 praeturam
1156 1295 1316 1329 obtinuit
1335 1296 1380 1339 Q.
1395 1297 1470 1330 Me-

115 1354 238 1399 tellus,
259 1354 316 1389 Pii
340 1366 547 1402 cognomen
571 1355 744 1402 adeptu5‚
759 1355 883 1402 quod,
903 1363 944 1389 ut
963 1355 1014 1390 ait
1031 1355 1189 1401 scriptor
1207 1355 1253 1390 de
1280 1356 1367 1390 viris
1386 1356 1474 1390 illu-

117 1413 272 1459 stribus,
284 1421 427 1461 patrem
442 1415 681 1450 Numidicum
692 1415 865 1462 precibus
875 1427 916 1449 ac
929 1414 1099 1462 lacrymis
1112 1415 1264 1449 assiduis
1282 1416 1328 1450 ab
1342 1415 1469 1451 exsilio

115 1478 338 1520 revocasset,
352 1487 424 1522 qua
442 1475 579 1522 pietate
597 1475 644 1510 ad
664 1487 823 1510 summos
841 1475 1001 1509 honores
1014 1475 1154 1509 aditum
1167 1475 1236 1509 sibi
1253 1476 1408 1522 paravit.

172 1535 283 1579 Quod
300 1547 382 1569 eam
396 1537 513 1582 legem
534 1536 569 1569 in
593 1535 774 1569 tribunatu
792 1536 913 1569 tulisti.
933 1535 1084 1581 Pighius
1102 1535 1141 1568 in
1159 1537 1282 1569 Fastis
1301 1537 1348 1570 ad
1372 1549 1404 1571 a.
1423 1538 1468 1572 U.

116 1596 156 1630 C.
188 1594 283 1639 634,
315 1601 423 1641 putat
446 1603 530 1630 ante
555 1596 630 1628 haec
661 1594 801 1640 aliquid
832 1594 1006 1628 omissum
1037 1593 1183 1641 ignavia
1208 1594 1468 1640 librariorum,

116 1654 222 1701 quod
239 1655 298 1688 vel
311 1654 447 1700 prodat
467 1653 713 1699 discrepantia
735 1654 853 1692 MSS„
866 1665 1027 1700 quorum
1045 1653 1104 1699 hi,
1120 1655 1218 1701 quod
1237 1656 1354 1701 legem
1365 1682 1377 1698 ‚
1398 1655 1468 1700 illi,

115 1714 259 1761 quidem
276 1715 403 1761 legem.
429 1715 463 1749 A
486 1713 709 1749 Memmiano
734 1726 823 1748 vero
843 1713 945 1749 abest
965 1713 1057 1748 illud
1082 1726 1090 1747 :
1110 1715 1210 1760 quod
1224 1726 1315 1748 eam.
1335 1717 1444 1750 Putat
1458 1744 1468 1760 ,

115 1775 285 1822 inquam,
303 1775 453 1823 Pighius
471 1774 580 1810 fuisse
598 1774 702 1822 prius
722 1787 730 1809 t
752 1790 765 1805 «
789 1774 901 1818 Quod
928 1776 967 1809 C.
989 1775 1156 1809 Graccho
1180 1774 1258 1809 dux
1282 1782 1318 1810 et
1341 1783 1469 1811 auctor

114 1835 323 1882 repetendae
339 1848 408 1882 per
425 1834 622 1870 seditiones
642 1834 838 1870 tribunitiae
864 1835 1054 1882 potestatis
1078 1834 1178 1869 fuisti
1197 1835 1298 1882 apud
1316 1847 1395 1870 eam
1414 1837 1467 1871 le-

117 1907 217 1943 gem,
241 1902 309 1931 etc.
322 1913 337 1928 »
354 1917 405 1923 —
417 1896 608 1931 Schutzius
628 1896 799 1931 observat
818 1895 951 1930 frustra
969 1895 1137 1943 Pighium
1157 1895 1355 1941 conjicere,
1382 1897 1468 1943 quia

116 1957 265 1991 Crassus
286 1956 362 2002 jam
380 1964 486 1992 antea
505 1957 550 1992 de
573 1958 640 1992 hac
659 1958 737 2004 lege
758 1957 904 1992 locutus
924 1957 1061 2000 fuerat,
1080 1963 1116 1991 et
1137 1968 1221 1990 eam
1239 1958 1353 2003 legem
1371 1957 1466 1992 idem

117 2029 193 2051 esse
206 2028 247 2051 ac
270 2018 387 2064 legem
404 2025 481 2052 tam
493 2018 739 2064 perniciosam
748 2030 761 2060 ‚·
780 2008 950 2052 Ernestio
966 2029 1118 2064 quoque
1142 2017 1393 2063 conjecturam
1407 2019 1466 2053 Pi-

117 2076 194 2125 ghii
219 2077 462 2124 improbante.

170 2137 239 2172 Hic
247 2150 381 2184 parvoe
399 2139 889 2174 consuetudinis.—Andria
902 2139 1065 2175 Terentii
1078 2139 1117 2173 id
1136 2145 1189 2174 est
1208 2152 1216 2173 ε
1240 2138 1299 2174 ille
1326 2145 1467 2173 tantum

120 2196 288 2233 dolorem
321 2199 479 2246 suscepit
503 2201 552 2235 ob
581 2206 739 2234 mortem
764 2199 892 2245 hujus,
921 2212 1004 2234 cum
1036 2212 1109 2246 qua
1132 2211 1283 2246 parvam
1308 2199 1466 2234 habebat

118 2258 445 2305 consuetudinem,
473 2260 577 2308 quasi
594 2273 677 2295 eum
695 2272 738 2294 ea
758 2259 885 2295 fuisset
907 2260 1104 2295 familiaris.

169 2320 306 2355 Habita
337 2320 432 2355 enim
464 2322 619 2369 quoestio
646 2329 707 2355 est.
737 2321 827 2364 Quae
852 2320 988 2355 scilicet
1013 2321 1144 2356 falsum
1166 2321 1237 2355 hoc
1262 2330 1337 2354 esse
1363 2318 1464 2353 indi-

117 2381 223 2417 cavit.
239 2382 295 2416 De
311 2380 366 2417 his
390 2381 480 2417 locis
504 2381 758 2417 communibus
779 2382 890 2428 plura
910 2380 994 2416 vide
1013 2381 1051 2415 in
1074 2381 1236 2429 Topica'v,
1257 2388 1292 2415 et
1312 2386 1405 2426 part.
1431 2391 1463 2413 11

124 2443 226 2476 Orat.
254 2443 351 2477 Lm.

168 2503 254 2537 Cn.
289 2503 388 2538 XLI.
425 2504 567 2538 Puncta
602 2511 907 2551 argumentorum.
942 2504 1135 2538 Intervalla
1168 2501 1303 2548 quibus
1331 2499 1463 2534 distiu‘

117 2561 282 2602 guuntur
306 2554 550 2591 transitiones.

245 2638 291 2666 ΙΙ.
1255 2633 1305 2660 21
