1843 3166
683 227 827 262 LIBER
855 227 902 259 ΙΙ.
1394 236 1460 271 197

117 297 290 356 propria
311 296 511 350 debetur,
533 296 616 338 erit
636 292 932 354 explicandum
950 293 991 334 in
1017 290 1346 349 laudejustitiae,
1364 291 1466 351 quid

118 391 214 418 cum
256 375 361 430 fide,
390 373 493 434 quid
528 390 627 416 cum
657 371 962 432 aequabilitate,
999 369 1103 429 quid
1127 386 1225 413 cum
1260 369 1466 429 ejusmodi

118 453 261 513 aliquo
288 453 429 497 officio
455 454 509 507 is,
533 453 606 511 qui
634 451 897 506 laudabitur,
927 450 1088 493 fecerit.
1113 451 1308 508 Itemque
1333 450 1376 492 in
1399 465 1469 492 ce-

119 535 220 576 teris
249 549 316 576 res
350 541 474 592 gestae
512 531 564 575 ad
595 532 803 590 cujusque
829 530 1004 572 virtutis
1028 545 1181 588 genus,
1216 537 1258 571 et
1281 527 1392 583 vim,
1430 538 1471 571 et

119 628 276 655 nomen
291 610 747 654 accommodabuntur.

181 690 437 735 Gratissima
458 700 602 733 autem
623 689 716 732 laus
741 705 890 732 eorum
910 688 1122 734 factorum
1145 688 1352 743 habetur,
1376 703 1472 748 quae

119 780 318 831 suscepta
354 770 556 813 videntur
586 786 610 812 a
641 770 744 813 viris
770 769 954 814 fortibus
976 773 1066 814 sine
1096 768 1391 813 emolumento
1423 784 1473 812 ac

117 851 316 910 praemio:
335 866 428 909 quae
447 865 548 892 vero
563 850 691 894 etiam
709 865 808 894 cum
830 849 975 894 labore
993 860 1035 893 et
1052 847 1242 910 periculo
1260 848 1472 909 ipsorum,

118 929 208 975 haec
243 930 405 974 habent
428 931 691 974 uberrimam
715 932 882 991 copiam
907 929 961 974 ad
984 928 1271 983 laudandum
1294 927 1411 987 quod
1432 937 1474 970 et

118 1009 202 1053 dici
224 1011 496 1053 ornatissime
511 1019 710 1070 possunt,
732 1019 775 1052 et
796 1008 935 1052 audiri
953 1006 1163 1052 facillime.
1188 1010 1251 1050 Ea
1272 1008 1386 1050 enim
1402 1006 1473 1048 de-

118 1088 247 1147 nique
275 1088 409 1131 virtus
433 1105 522 1132 esse
553 1089 723 1132 videtur
750 1088 990 1148 praestantis
1015 1087 1116 1142 viri,
1148 1102 1242 1145 quae
1267 1095 1328 1129 est
1362 1085 1475 1129 fruc-

118 1176 240 1210 tuosa
277 1167 392 1223 aliis,
433 1169 513 1228 ipsi
545 1177 688 1211 autem
725 1167 957 1222 laboriosa,
992 1176 1068 1209 aut
1098 1164 1360 1225 periculosa,
1400 1174 1476 1207 aut

117 1256 232 1289 certe
266 1247 464 1307 gratuita.
499 1249 660 1308 Magna
696 1248 823 1290 etiam
860 1245 932 1289 illa
967 1245 1082 1300 laus,
1130 1255 1174 1288 et
1209 1242 1474 1287 admirabilis

115 1325 253 1369 videri
280 1326 407 1379 solet,
434 1326 581 1370 tulisse
609 1343 730 1371 casus
755 1326 971 1385 sapienter
998 1325 1219 1379 adversos,
1250 1340 1337 1367 non
1365 1323 1475 1367 frac-

117 1415 210 1449 tum
248 1422 338 1450 esse
379 1406 575 1462 fortuna,
616 1407 845 1450 retinuisse
882 1407 927 1450 in
964 1405 1094 1448 rebus
1138 1405 1300 1464 asperis
1334 1403 1476 1464 digni-

117 1494 264 1528 tatem.

179 1566 334 1624 Neque
348 1574 491 1608 tamen
515 1564 588 1608 illa
599 1581 688 1611 non
709 1574 889 1621 ornant,
911 1564 1048 1608 habiti
1069 1564 1276 1619 honores,
1303 1562 1478 1605 decreta

116 1644 290 1689 virtutis
325 1646 520 1704 praemia,
554 1661 620 1688 res
649 1654 796 1706 gestae,
829 1644 1001 1704 judiciis
1027 1643 1253 1686 hominum
1282 1658 1480 1702 compro-

115 1723 245 1778 hatae;
269 1725 310 1767 in
339 1724 496 1783 quibus
519 1726 648 1768 etiam
670 1724 917 1768 felicitatem
940 1725 1076 1784 ipsam
1097 1723 1280 1767 deorum
1302 1722 1480 1765 immor-

117 1801 268 1845 talium
301 1803 466 1863 judicio
499 1804 653 1858 tribui,
687 1803 950 1847 laudationis
976 1813 1050 1847 est.
1082 1802 1311 1847 Sumendae
1336 1812 1480 1845 autem

117 1896 184 1924 res
210 1892 339 1925 erunt
362 1893 437 1926 aut
452 1883 750 1943 magnitudine
777 1882 1057 1943 praestabiles,
1082 1893 1157 1926 aut
1178 1883 1370 1925 novitate
1394 1882 1481 1941 pri-

117 1977 224 2018 mae,
261 1971 335 2004 aut
373 1977 528 2021 genere
558 1963 650 2021 ipso
685 1961 957 2022 singulares:
989 1978 1131 2021 neque
1167 1962 1281 2004 enim
1309 1977 1479 2021 parvae,

117 2057 256 2100 neque
270 2041 459 2096 usitatae,
477 2057 618 2100 neque
640 2040 858 2101 vulgares,
877 2041 1185 2096 admiratione,
1209 2050 1285 2083 aut
1304 2041 1481 2084 omnino

117 2119 246 2163 laude
269 2120 410 2181 dignae
434 2120 572 2164 videri
596 2120 748 2164 solent.

140 2198 145 2214 l
179 2201 255 2242 Est
280 2200 410 2242 etiam
437 2217 536 2244 cum
566 2201 719 2244 ceteris
754 2200 1058 2260 praestantibus
1083 2201 1186 2245 viris
1211 2199 1480 2260 comparatio

117 2278 162 2321 in
185 2277 433 2322 laudatione
453 2279 672 2339 praeclara.
697 2282 764 2323 De
791 2296 877 2339 quo
896 2296 1052 2340 genere
1080 2279 1254 2324 libitum
1285 2289 1347 2323 est
1375 2279 1483 2322 mihi

118 2357 264 2418 paullo
289 2357 436 2418 plura,
463 2376 592 2419 quam
615 2359 912 2415 ostenderam,
937 2360 1102 2416 dicere,
1132 2377 1221 2403 non
1247 2369 1333 2403 tam
1351 2375 1481 2419 prop-

119 2447 184 2482 ter
206 2454 333 2482 usum
357 2439 597 2496 forensem,
627 2441 702 2500 qui
727 2450 790 2484 est
816 2457 840 2483 a
864 2457 933 2484 me
961 2440 1005 2483 in
1029 2441 1148 2484 omni
1174 2441 1257 2484 hoc
1286 2453 1483 2482 sermone

120 2525 348 2574 tractatus,
372 2535 502 2577 quam
531 2529 578 2562 ut
608 2520 691 2563 hoc
717 2520 944 2577 videretis,
982 2520 1016 2563 si
1039 2519 1307 2563 laudationes
1335 2524 1477 2559 essent

122 2596 166 2638 in
192 2597 374 2641 oratoris
404 2597 567 2653 officio,
594 2600 711 2659 quod
739 2617 866 2644 nemo
900 2610 1048 2661 negat,
1078 2600 1239 2644 oratori
1271 2598 1480 2639 virtutum
