1843 3166
694 247 837 282 LIBER
865 247 913 280 11.
1411 242 1477 284 137

131 335 339 395 plurimos
367 334 505 378 exitus
530 332 638 375 dant
663 331 718 374 ad
742 329 954 389 ejusmodi
981 327 1321 389 degressionem,
1347 335 1393 368 ut
1416 325 1481 368 his

131 414 235 458 locis
269 416 331 458 uti
361 413 504 469 liceat,
542 410 699 472 quibus
725 411 971 454 animorum
997 410 1181 468 impetus
1206 422 1379 460 eorum,
1410 406 1482 464 qui

131 491 335 550 audiunt,
362 502 436 536 aut
459 490 750 552 impellantur,
775 499 847 533 aut
872 490 1160 533 reflectantur.

197 577 338 633 Atque
358 573 486 616 etiam
511 572 555 615 in
579 570 652 614 illo
673 570 943 632 reprehendo
965 586 1056 624 eos,
1079 569 1172 628 qui,
1198 585 1291 628 quae
1310 567 1485 611 minime

134 654 258 696 firma
283 661 402 709 sunt,
440 668 490 696 ea
526 652 666 712 prima
702 649 930 695 collocant.
974 653 1026 693 In
1061 666 1147 709 quo
1184 648 1278 693 illos
1315 665 1487 708 quoque

133 748 276 775 errare
303 731 504 787 arbitror,
537 732 632 791 qui,
671 730 845 791 quando
881 730 949 790 (id
976 729 1093 790 quod
1126 729 1232 772 mihi
1265 744 1488 787 nunquam

135 809 319 870 placuit)
348 809 494 871 plures
520 810 723 854 adhibent
744 820 970 871 patronos,
1001 820 1048 853 ut
1073 810 1115 852 in
1142 825 1314 869 quoque
1338 823 1488 850 eorum

133 891 362 934 minimum
390 900 547 951 putant
568 907 678 946 esse,
717 892 774 934 ita
803 907 901 935 eum
933 891 1122 951 primum
1153 888 1305 932 volunt
1333 888 1486 932 dicere.

134 974 218 1015 Res
241 972 356 1014 euim
381 972 462 1014 hoc
484 970 694 1032 postulat,
722 981 770 1014 ut
794 987 945 1014 eorum
969 970 1302 1030 exspectationi,
1329 970 1404 1029 qui
1421 986 1492 1013 au-

134 1051 286 1107 diunt,
316 1068 447 1110 quam
474 1051 697 1096 celerrime
725 1061 1007 1106 occurratur3
1043 1052 1112 1094 cui
1152 1051 1185 1093 si
1216 1051 1340 1093 initio
1370 1051 1491 1093 satis-

140 1131 298 1176 factum
319 1150 406 1176 non
430 1133 505 1189 sit,
529 1132 667 1176 multo
688 1131 784 1193 plus
806 1134 861 1176 sit
884 1133 924 1174 in
952 1131 1117 1192 reliqua
1139 1148 1268 1175 causa
1291 1130 1491 1174 laborau-

135 1211 250 1255 dum.
279 1211 395 1256 Male
419 1213 533 1255 enim
561 1229 603 1256 se
631 1229 697 1256 res
723 1212 877 1267 habet,
907 1227 1002 1272 quae
1022 1228 1109 1254 non
1135 1212 1304 1265 statim,
1331 1219 1380 1253 ut
1406 1209 1491 1253 dici

135 1302 273 1353 coepta
300 1303 383 1349 est,
416 1292 569 1336 melior
596 1292 686 1336 fieri
709 1292 891 1336 videtur.

200 1375 315 1432 Ergo
346 1382 395 1416 ut
421 1374 463 1415 in
494 1382 664 1416 oratore
696 1374 884 1432 optimus
919 1373 1123 1432 quisque,
1161 1373 1221 1415 sic
1251 1381 1293 1415 et
1323 1373 1367 1414 in
1399 1388 1495 1415 ora·

138 1454 273 1508 tione,
305 1454 596 1497 firmissimum
620 1453 822 1513 quodque
842 1454 896 1496 sit
919 1453 1109 1513 primum
1133 1470 1142 1496 ε
1171 1452 1275 1496 dum
1300 1451 1406 1496 illud
1432 1462 1495 1496 ta-

137 1550 236 1576 men
254 1534 298 1576 in
324 1543 507 1593 utroque
528 1542 738 1589 teneatur,
770 1542 819 1576 ut
844 1550 912 1589 ea,
942 1550 1035 1593 quae
1055 1532 1287 1589 excellant,
1325 1550 1496 1577 serven-

137 1624 207 1656 tur
227 1615 356 1657 etiam
379 1613 433 1656 ad
456 1614 772 1674 perorandum3
800 1614 833 1656 si
851 1630 945 1673 quae
969 1622 1095 1656 erunt
1116 1613 1348 1657 mediocria
1373 1614 1495 1675 (nam

137 1695 300 1738 vitiosis
323 1711 535 1754 nusquam
561 1710 650 1737 esse
673 1703 845 1754 oportet
872 1692 1063 1754 locum),
1104 1694 1148 1736 in
1184 1694 1369 1737 mediam
1404 1704 1496 1737 tur-

138 1775 260 1831 bam,
286 1785 416 1834 atque
440 1775 483 1817 in
508 1790 681 1835 gregem
703 1774 1004 1833 conjiciantur.

202 1856 330 1899 Hisce
359 1856 562 1899 omnibus
586 1855 715 1898 rebus
743 1855 1048 1911 consideratis,
1085 1866 1178 1899 tum
1211 1856 1396 1916 denique
1426 1857 1496 1912 id,

141 1935 259 1995 quod
283 1935 472 1996 primum
494 1944 558 1979 est
582 1935 833 1991 dicendum,
860 1945 1126 1996 postremum
1150 1936 1266 1980 soleo
1284 1938 1495 1998 cogitare,

138 2032 224 2075 quo
251 2025 348 2059 utar
373 2014 548 2059 exordio
576 2033 584 2058 :
626 2032 723 2059 nain
751 2016 786 2059 si
816 2016 990 2075 quando
1020 2015 1061 2059 id
1089 2017 1279 2077 primum
1306 2019 1497 2061 invenire

139 2095 282 2151 volui,
313 2095 482 2140 nullum
505 2096 611 2139 mihi
637 2096 850 2151 occurrit,
887 2097 968 2139 nisi
997 2107 1071 2140 aut
1097 2096 1226 2153 exile,
1259 2108 1334 2141 aut
1362 2116 1497 2159 nuga-

140 2176 323 2229 torium,
353 2186 427 2219 aut
446 2175 645 2237 vulgare,
672 2187 798 2236 atque
818 2193 1061 2220 commune.

200 2258 441 2302 LXXVIII.
479 2257 696 2318 Principia
716 2266 861 2300 autem
884 2256 1052 2300 dicendi
1078 2273 1246 2319 semper
1269 2276 1402 2319 quum
1428 2277 1498 2305 ae-

139 2346 310 2391 eurata,
350 2347 391 2380 et
421 2347 568 2394 acuta,
604 2347 644 2382 et
676 2338 888 2381 instructa
918 2339 1162 2395 sententiis,
1201 2350 1300 2400 apta
1331 2341 1498 2394 verbis,

139 2427 231 2461 tum
255 2434 357 2461 vero
381 2434 607 2461 causarum
626 2418 805 2479 propria
827 2433 916 2461 esse
939 2417 1107 2461 debent.
1135 2420 1279 2463 Prima
1299 2431 1363 2463 est
1384 2422 1494 2464 enim

138 2499 259 2558 quasi
291 2499 483 2559 cognitio
517 2508 558 2541 et
591 2498 915 2542 commendatio
947 2499 1154 2543 orationis
1184 2500 1228 2542 in
1262 2501 1496 2560 principio,

139 2594 233 2638 quae
253 2579 460 2622 continuo
478 2595 598 2632 eum,
620 2579 694 2638 qui
715 2578 859 2634 audit,
886 2577 1153 2638 permulcere
1176 2590 1302 2639 atque
1325 2579 1496 2624 allicere

138 2657 272 2703 debet.
