1843 3166
309 183 379 217 262
830 181 894 214 DF.
921 178 1158 215 ORATORE

310 267 423 309 vocis
459 264 554 307 dico
587 264 948 320 moderationem,
979 273 1016 306 et
1056 263 1283 305 verborum
1319 258 1665 316 conclusionem,

309 345 450 404 quoad
475 345 682 387 orationis·
706 344 909 387 severitas
935 344 1023 403 pati
1055 343 1214 403 possit,
1240 359 1261 384 a
1297 341 1466 401 poetica
1492 340 1546 383 ad
1579 339 1668 384 elo-

310 427 530 485 quentiam
553 425 816 468 traducenda
842 425 1071 467 (luxerunt.

373 508 424 548 In
449 521 535 564 quo
561 504 667 547 illud
683 515 743 547 est
760 504 824 548 vel
840 503 1227 563 maximum,quod
1250 520 1392 546 versus
1417 504 1460 545 in
1475 502 1670 545 oratione

312 587 345 628 si
371 585 558 628 efficitur
580 586 887 645 conjunctione
910 586 1162 639 verborum,
1181 585 1334 627 vitium
1353 593 1436 640 est3
1462 592 1504 625 et
1525 592 1668 625 tamen

314 681 406 707 eam
431 665 801 723 conjunctionem,
831 667 956 708 sicuti
979 682 1169 720 versum,
1199 679 1426 707 numerose
1451 663 1604 707 cadere
1629 673 1672 706 et

315 743 550 802 quadrare,
578 753 620 785 et
651 744 798 802 persici
828 743 1051 786 volumus:
1077 759 1216 802 neque
1250 752 1312 785 est
1341 759 1393 786 ex
1422 742 1570 786 multis
1603 759 1671 785 res

314 839 420 878 una,
447 839 539 882 quoe
564 839 698 883 magis
727 832 943 865 oratorem
969 823 1021 865 ab
1047 823 1248 882 imperito
1271 822 1468 878 dicendi,
1501 823 1674 882 ignaro-

314 920 397 962 que
419 903 680 964 distinguat,
707 920 835 962 quam
860 903 975 963 quod
1010 901 1081 946 ille
1116 902 1235 946 rudis
1264 902 1484 946 incondite
1507 901 1673 958 fundit,

314 992 524 1041 quantum
552 993 712 1042 potest,
741 993 783 1026 et
822 983 892 1039 id,
929 983 1046 1043 quod
1075 983 1199 1038 dicit,
1234 984 1416 1043 spiritu,
1448 1000 1536 1027 non
1562 993 1673 1039 arte,

315 1062 594 1116 determinal3
621 1073 767 1106 orator
792 1073 936 1106 autem
965 1063 1025 1105 sic
1053 1061 1191 1123 illigat
1218 1064 1477 1106 sententiam
1504 1063 1675 1121 verbis,

315 1151 363 1185 ut
395 1159 488 1185 eam
526 1159 704 1186 numero
744 1142 933 1202 quodam
963 1141 1289 1202 complectatur,
1325 1152 1367 1186 et
1401 1142 1609 1187 adstricto
1631 1154 1674 1187 et

315 1221 470 1265 soluto.
497 1224 609 1267 Nam
626 1240 759 1282 quum
788 1223 930 1266 vinxit
958 1223 1095 1266 modis
1118 1233 1161 1266 et
1186 1223 1349 1280 forma,
1373 1223 1539 1267 relaxat
1562 1234 1604 1267 et
1624 1223 1676 1267 li-

315 1301 438 1344 berat
466 1302 765 1344 immutatione
792 1301 978 1355 ordinis,
1000 1311 1047 1344 ut
1076 1303 1205 1345 verba
1226 1319 1364 1362 neque
1391 1301 1566 1362 alligata
1590 1303 1677 1346 sint

317 1381 440 1439 quasi
461 1390 574 1424 certa
598 1380 742 1440 aliqua
775 1381 868 1441 lege
892 1397 1059 1435 versus,
1087 1398 1227 1441 neque
1254 1383 1313 1425 ita
1341 1381 1502 1437 soluta,
1529 1392 1577 1426 ut
1601 1399 1676 1426 va-

319 1469 487 1519 gentur.

380 1541 515 1583 XLV.
555 1540 758 1594 Quonam
793 1539 926 1598 igitur
955 1539 1084 1581 modo
1117 1549 1288 1583 tantum
1317 1557 1473 1584 munus
1504 1542 1676 1585 insiste-

318 1636 431 1674 mus,
447 1628 496 1662 ut
517 1619 777 1661 arbitremur
795 1635 872 1661 nos
892 1618 1002 1662 hanc
1020 1619 1106 1661 vim
1133 1635 1361 1662 numerose
1382 1619 1551 1663 dicendi
1575 1638 1674 1665 con-

318 1699 438 1758 sequi
458 1715 581 1759 posse
596 1698 613 1741 ?
628 1699 727 1742 Non
748 1708 812 1742 est
834 1715 902 1742 res
923 1708 1012 1742 tam
1036 1699 1223 1743 difficilis
1237 1735 1247 1755 ‚
1269 1716 1399 1760 quam
1426 1702 1676 1746 necessaria.

317 1779 436 1823 Nihil
465 1787 525 1822 est
549 1780 662 1822 enim
687 1790 773 1822 tam
793 1790 1014 1836 tenerum,
1037 1796 1179 1839 neque
1200 1790 1288 1823 tam
1311 1780 1517 1836 flexibile,
1539 1798 1678 1841 neque

319 1859 436 1918 quod
449 1869 534 1902 tam
550 1859 672 1902 facile
689 1870 909 1919 sequatur,
921 1877 1196 1920 quocumque
1211 1860 1362 1917 ducas,
1376 1878 1506 1921 quam
1521 1863 1673 1905 oratio.

377 1941 443 1982 Ex
469 1940 548 1982 liae
573 1956 743 1995 versus,
774 1956 824 1982 ex
854 1939 1004 1983 eadem
1026 1940 1220 2001 dispares
1244 1942 1413 1984 numeri
1437 1941 1675 1985 conficiun-

319 2027 408 2073 tur3
432 2035 484 2061 ex
505 2020 584 2062 hac
605 2020 695 2062 haec
718 2021 847 2062 etiam
864 2019 1004 2063 soluta
1025 2022 1153 2063 variis
1173 2020 1330 2076 modis,
1355 2019 1678 2081 multorumque

319 2114 525 2158 generum
550 2099 702 2143 oratio,
720 2101 819 2143 Non
840 2100 954 2142 enim
975 2110 1076 2143 sunt
1104 2100 1186 2144 alia
1213 2101 1442 2154 sermonis,
1473 2099 1557 2146 alia
1578 2118 1678 2145 con-

320 2178 521 2221 tentionis
549 2178 699 2233 verba;
722 2195 861 2237 neque
882 2195 931 2221 ex
952 2179 1036 2222 alio
1061 2196 1217 2240 genere
1236 2180 1289 2223 ad
1318 2197 1441 2223 usum
1464 2180 1678 2240 quotidia-

321 2273 446 2312 num⁷
467 2257 552 2299 alio
578 2257 631 2300 ad
648 2275 817 2301 scenam
839 2275 1127 2319 pompamque
1155 2270 1413 2303 sumuntur:
1435 2260 1510 2304 sed
1533 2277 1581 2304 ea
1599 2277 1676 2303 nos

321 2353 455 2395 quum
484 2337 669 2396 jacentia
705 2337 953 2382 sustulimus
987 2356 1009 2382 e
1041 2339 1203 2395 medio,
1238 2341 1349 2383 sicut
1382 2339 1677 2384 mollissimam

321 2432 463 2459 ceram
486 2416 539 2459 ad
559 2427 754 2460 nostrum
775 2420 1002 2462 arbitrium
1025 2420 1259 2464 formamus
1289 2430 1331 2464 et
1357 2420 1570 2480 fingimus.
1593 2422 1678 2463 Ita-

323 2512 405 2554 que
423 2505 512 2539 tum
525 2513 675 2557 graves
699 2514 866 2554 sumus,
888 2509 979 2542 tum
1000 2499 1202 2557 subtiles,
1231 2510 1324 2544 tum
1343 2500 1531 2543 medium
1555 2499 1677 2560 quid-

324 2574 419 2617 dam
447 2585 642 2620 tenemus
664 2594 671 2619 :
690 2577 748 2620 sie
772 2579 1014 2622 institutam
1040 2589 1229 2623 nostram
1262 2581 1518 2623 sententiam
1540 2580 1676 2639 sequi-
