1843 3166
355 189 401 222 Uo.
874 190 934 223 DF.
965 191 1202 224 (iRATORF,

355 289 443 315 csse
463 271 750 333 doctrinam):
778 274 836 317 sic
861 290 940 333 cg«)
968 273 1181 332 intelligo,
1208 275 1239 315 si
1271 274 1311 315 in
1343 274 1451 330 liaec,
1477 290 1571 333 quae
1597 283 1709 333 pale-

358 353 455 396 l'ccit
483 354 676 396 oratioue
706 369 779 396 sua
813 356 1013 407 Crassus,
1046 353 1207 395 intrare
1235 352 1479 409 volueritis;
1511 352 1709 397 facillime

358 449 430 476 vos
454 433 505 476 ad
525 450 592 485 ea,
614 450 708 493 quae
728 434 904 493 cupitis,
925 441 1210 493 perventuros
1230 432 1283 476 ab
1302 433 1383 478 hoe
1404 433 1544 490 aditu,
1561 433 1712 494 janua-

356 531 438 573 que
462 514 686 575 patefacta.

421 597 554 640 Nobis
570 611 687 649 vcro,
704 595 842 653 inquit
860 592 1096 653 Sulpicius,
1112 594 1193 637 ista
1210 604 1310 638 sunt
1330 605 1530 656 pergrata
1549 610 1711 655 perque

351 676 543 736 jucunda
569 694 577 718 :
609 674 680 718 sed
710 691 841 734 pauca
866 675 995 718 etiam
1018 675 1299 734 requirimus,
1325 676 1609 735 inprimisque
1636 691 1711 732 ea,

357 771 450 815 quac
476 754 598 797 valde
628 755 813 798 breviter
846 771 870 798 a
895 764 956 809 te,
984 757 1155 808 Crasse,
1189 755 1242 798 de
1270 756 1362 816 ipsa
1388 765 1479 799 arte
1509 771 1713 816 percursa

359 843 477 889 sunt,
501 850 634 894 quum
654 833 725 878 illa
747 845 788 878 te
808 845 851 879 et
874 852 959 879 non
984 845 1280 891 contemnere,
1306 845 1348 879 et
1365 835 1563 880 didicisse
1583 835 1714 880 confi-

359 924 505 958 terere.
534 917 594 958 Ea
626 915 658 958 si
681 915 826 976 paullo
857 915 983 960 latius
1014 916 1191 972 dixeris,
1222 916 1404 977 expleris
1435 933 1606 960 omnem
1638 933 1711 959 ex·

357 995 664 1054 spectationem
693 996 887 1040 diuturni
913 996 1111 1041 desiderii
1140 998 1290 1041 nostri.
1315 1002 1427 1045 Nam
1454 1014 1589 1052 nunc,
1617 997 1712 1057 qui-

358 1075 436 1118 bus
458 1074 719 1120 studendum
751 1077 877 1120 rebus
906 1087 1033 1132 esset,
1059 1079 1322 1138 accepimus,
1347 1077 1462 1137 quod
1486 1079 1626 1138 ipsum
1652 1087 1715 1121 est

357 1163 498 1198 tamen
537 1172 775 1217 magnum3
809 1156 883 1200 sed
924 1158 1010 1201 vias
1053 1174 1201 1201 carum
1236 1173 1380 1200 rerum
1415 1158 1716 1216 rationemque

356 1235 555 1296 cupimus
583 1254 853 1298 cognoscere.

422 1315 541 1372 Quid
569 1318 625 1373 si,
660 1319 799 1378 inquit
834 1320 1036 1373 Crassus,
1068 1320 1273 1379 quoniam
1302 1335 1403 1380 ego,
1433 1336 1520 1379 quo
1551 1317 1718 1362 facilius

357 1411 435 1439 vos
472 1395 589 1457 apud
631 1414 700 1441 me
739 1408 955 1452 tenerem,
990 1409 1142 1442 vestrae
1175 1400 1319 1460 potius
1354 1400 1584 1443 obsecutus
1622 1416 1717 1442 sum

360 1475 594 1533 voluntati,
633 1494 764 1538 quam
804 1490 883 1523 aut
914 1479 1236 1535 consuetudini,
1272 1490 1346 1523 aut
1384 1489 1547 1523 naturae
1589 1496 1717 1533 meae,

361 1556 547 1616 petimus
572 1557 626 1601 ab
654 1560 868 1614 Antonio,
892 1568 941 1602 ut
967 1575 1033 1614 ea,
1058 1575 1152 1619 quae
1175 1559 1389 1612 continet,
1414 1576 1552 1619 neque
1576 1559 1718 1602 adhuc

360 1635 568 1695 protulit,
601 1654 653 1681 ex
677 1638 834 1697 quibus
869 1655 1004 1682 unum
1033 1638 1227 1682 libellum
1263 1640 1342 1682 sibi
1372 1639 1578 1682 excidisse
1608 1639 1718 1699 jam-

360 1715 523 1760 dudum
552 1728 729 1777 questus
755 1728 837 1773 est,
863 1717 1047 1779 explicet
1076 1720 1223 1774 nobis,
1249 1729 1291 1763 et
1317 1718 1388 1763 illa
1415 1719 1583 1763 dicendi
1606 1736 1718 1779 mys-

362 1796 466 1840 teria
484 1798 705 1842 enuntiet)
731 1801 789 1842 Ut
810 1798 1005 1853 videtur,
1033 1800 1172 1859 inquit
1198 1799 1427 1860 Sulpicius.
1450 1801 1563 1845 Nam
1581 1802 1718 1844 Anto-

362 1877 434 1920 nio
464 1876 656 1935 dicente,
683 1880 814 1923 etiam
847 1879 951 1939 quid
984 1890 1031 1924 tu
1062 1879 1296 1942 intelligas,
1329 1881 1574 1923 sentiemus.
1609 1882 1715 1923 Peto

362 1957 514 2017 igitur,
542 1958 683 2018 inquit
704 1962 908 2013 Crassus,
930 1977 952 2004 a
978 1971 1038 2017 te,
1068 1962 1273 2020 quoniam
1299 1960 1342 2003 id
1370 1960 1513 2016 nobis,
1537 1960 1719 2010 Antoni,

362 2037 610 2083 hominibus
648 2040 693 2083 id
727 2041 887 2094 aetatis,
920 2041 1063 2084 oneris
1097 2041 1150 2083 ab
1186 2041 1342 2085 horum
1382 2039 1720 2083 adolescentium

363 2117 515 2161 studiis
546 2120 804 2180 imponitur,
831 2131 879 2164 ut
904 2138 1110 2181 exponas,
1139 2121 1244 2181 quid
1277 2122 1326 2164 iis
1362 2120 1413 2163 de
1442 2120 1588 2174 rebus,
1615 2136 1722 2180 quas

363 2212 386 2239 a
410 2206 452 2240 te
473 2201 604 2258 quaeri
628 2200 766 2254 vides,
795 2202 966 2245 sentias.

427 2280 626 2323 XLVIII.
664 2282 991 2342 Deprehensum
1008 2281 1209 2342 equidem
1227 2298 1317 2333 me,
1332 2282 1471 2341 inquit
1485 2280 1722 2333 Antonius,

365 2358 492 2420 plane
515 2360 639 2404 video
669 2371 796 2421 atque
821 2364 977 2418 sentio,
1006 2380 1092 2406 non
1117 2361 1256 2406 solum
1282 2361 1399 2422 quod
1424 2378 1473 2405 ea
1498 2360 1725 2419 requirun-

367 2449 439 2485 tur
458 2457 481 2483 a
503 2457 590 2496 me,
612 2458 799 2500 quorum
820 2459 912 2485 sum
934 2444 1109 2503 ignarus
1127 2452 1257 2502 atque
1276 2441 1486 2495 insolens,
1507 2440 1580 2484 sed
1602 2441 1723 2500 quia,

367 2519 484 2577 quod
509 2521 551 2562 in
577 2522 716 2564 causis
741 2522 863 2565 valde
890 2523 1036 2583 fugere
1065 2521 1201 2578 soleo,
1233 2539 1287 2565 ne
1311 2522 1408 2572 tibi,
1436 2524 1606 2576 Crasse,
1630 2536 1723 2564 suc-

369 2599 535 2655 cedam,
562 2600 603 2643 id
628 2617 696 2644 me
718 2618 834 2645 nunc
864 2603 932 2646 isti
958 2604 1091 2646 vitare
1115 2620 1202 2646 non
1226 2604 1386 2646 sinunt.
