1843 3166
702 222 843 256 LIBER
874 223 898 255 1.
1426 227 1472 267 ιμ’»

128 305 247 365 quasi
270 304 444 347 decore:
468 302 821 363 singularumque
834 319 978 346 rerum
996 313 1207 363 praecepta
1227 321 1472 364 cognoram.

190 385 310 440 Quin
355 384 503 437 etiam,
544 398 638 441 quae
675 383 860 425 maxime
902 382 1078 442 propria
1114 393 1253 426 essent
1289 394 1475 439 naturae,

128 473 270 506 tamen
284 463 348 505 his
370 462 469 522 ipsis
489 470 624 504 artem
639 461 832 503 adhiberi
848 460 1052 503 videram.
1073 462 1186 505 Nam
1209 461 1260 504 de
1280 462 1446 505 actione
1463 496 1474 516 ,

128 552 170 584 ct
191 542 243 585 de
262 542 467 584 memoria
491 540 687 600 quaedam
714 540 883 596 brevia,
914 539 987 583 sed
1013 556 1170 600 magna
1190 556 1288 583 cum
1314 542 1475 584 exerci-

129 622 289 665 tatione
310 630 519 681 praecepta
540 630 771 680 gustaram.

190 705 239 746 In
261 704 324 746 his
351 704 463 746 enim
492 703 578 746 fere
606 703 732 746 rebus
756 704 894 746 omnis
925 704 1107 747 istorum
1130 703 1346 746 artificum
1379 703 1481 747 doc-

129 784 240 825 trina
265 792 472 838 versatur,
499 799 629 841 quam
655 799 734 842 ego
759 784 791 827 si
812 782 917 826 nihil
940 783 1079 826 dicam
1106 783 1330 844 adjuvare,
1358 800 1479 826 men-

129 863 221 906 tiar.
249 862 389 905 Habet
414 864 526 905 enim
553 863 747 922 quaedam
774 864 895 923 quasi
919 863 972 906 ad
997 863 1358 907 commonendum
1386 879 1481 907 ora-

128 951 290 997 torem,
328 959 414 1001 quo
445 942 635 1002 quidque
668 944 849 998 referat,
884 953 927 987 et
963 960 1050 1004 quo
1084 944 1274 1000 intuens,
1312 944 1366 987 ab
1404 960 1481 999 eo,

129 1022 417 1082 quodcunque
437 1023 515 1065 sibi
540 1024 832 1083 proposuerit,
859 1025 1001 1067 minus
1026 1024 1208 1067 aberret.

191 1104 357 1147 Verum
379 1119 459 1163 ego
478 1102 589 1146 hanc
613 1104 701 1146 vim
726 1102 920 1163 intelligo
946 1120 1034 1147 esse
1065 1104 1108 1146 in
1138 1104 1362 1163 praeceptis
1389 1119 1481 1146 om-

128 1182 272 1237 nibus,
293 1199 381 1225 non
399 1192 449 1225 ut
472 1198 519 1225 ea
539 1183 673 1225 secuti
694 1193 908 1238 oratores,
933 1181 1188 1242 eloquentiae
1205 1181 1377 1225 laudem
1399 1182 1486 1225 sint

129 1262 296 1322 adepti,
321 1262 416 1318 sed,
447 1279 541 1322 quae
568 1278 643 1305 sua
677 1272 829 1322 sponte
867 1262 1062 1305 homines
1097 1260 1346 1321 eloquentes
1373 1261 1485 1304 face-

128 1351 243 1396 rent,
267 1358 315 1384 ea
339 1341 548 1401 quosdam
576 1342 843 1397 observasse,
874 1351 1004 1401 atque
1028 1340 1071 1383 id
1100 1341 1234 1401 egisse
1262 1358 1271 1384 :
1308 1341 1368 1384 sic
1397 1356 1487 1383 esse

129 1437 217 1463 non
237 1419 526 1480 eloquentiam
551 1437 602 1464 ex
627 1421 832 1477 artificio,
860 1419 932 1464 sed
955 1420 1185 1464 artificium
1210 1436 1261 1463 ex
1288 1418 1489 1479 eloquen-

130 1501 190 1544 tia
216 1509 366 1543 natum
397 1517 407 1543 ε
441 1500 558 1560 quod
590 1511 755 1557 tamen,
783 1510 833 1544 ut
861 1510 961 1543 ante
987 1499 1097 1553 dixi,
1122 1516 1210 1543 non
1237 1500 1361 1558 ejicio
1389 1515 1398 1541 :
1422 1508 1487 1542 est

130 1581 244 1623 enim
255 1579 420 1623 etiamsi
433 1580 576 1623 minus
591 1581 877 1623 necessarium
891 1579 944 1622 ad
962 1580 1070 1622 bene
1082 1578 1333 1633 dicendum,
1346 1588 1487 1622 tamen

131 1658 185 1701 ad
209 1658 559 1719 cognoscendum
581 1676 669 1703 non
691 1658 910 1702 illiberale.

195 1740 251 1782 Et
279 1739 525 1782 exercitatio
549 1738 745 1797 quaedam
774 1739 1045 1799 suscipienda
1068 1739 1190 1783 vobis
1217 1749 1281 1783 est
1313 1756 1322 1782 :
1354 1756 1490 1799 quan-

133 1834 263 1876 quam
291 1834 367 1861 vos
394 1818 568 1878 quidem
586 1819 846 1879 jampridem
868 1821 964 1863 estis
992 1820 1035 1863 in
1061 1836 1190 1863 cursu
1219 1837 1229 1863 ε
1256 1819 1330 1863 sed
1356 1820 1385 1862 ii
1416 1820 1489 1879 qui

134 1897 439 1956 ingrediuntur
457 1898 499 1940 in
520 1898 725 1954 stadium,
744 1900 903 1959 quique
923 1916 972 1942 ea
988 1934 998 1954 ,
1019 1916 1112 1959 quae
1134 1899 1298 1959 agenda
1325 1909 1427 1942 sunt
1446 1900 1489 1941 in

134 1976 250 2030 foro,
272 1986 477 2037 tanquam
508 1978 551 2020 in
573 1979 662 2022 acie
677 2013 688 2035 ,
707 1989 889 2039 possunt
906 1981 1036 2022 etiam
1053 1995 1170 2022 nunc
1189 1980 1492 2022 exercitatione

135 2058 256 2116 quasi
274 2056 441 2101 ludicra
461 2058 711 2118 praediscere
728 2075 777 2101 ac
798 2058 1008 2102 meditari.

198 2138 320 2179 Hanc
335 2137 492 2196 ipsam,
508 2138 648 2197 inquit
662 2137 900 2197 Sulpicius,
916 2153 1038 2181 nosse
1055 2135 1255 2180 volumus
1275 2154 1283 2180 ε
1303 2146 1490 2180 attamen

137 2217 217 2258 ista
233 2249 244 2270 ,
262 2232 354 2275 quae
374 2216 448 2260 abs
468 2226 509 2259 te
524 2216 710 2260 breviter
729 2217 781 2260 de
803 2227 894 2260 arte
912 2216 1091 2260 decursa
1112 2226 1234 2273 sunt,
1251 2216 1399 2260 audire
1419 2233 1493 2260 cu-

138 2296 303 2353 pimus,
330 2312 575 2356 quanquam
603 2306 702 2340 sunt
732 2297 856 2339 nobis
881 2313 1054 2356 quoque
1076 2313 1164 2339 non
1197 2295 1493 2340 inaudita.Ve-

138 2390 234 2417 rum
257 2373 328 2418 illa
348 2391 446 2417 mox
468 2391 477 2417 :
500 2392 638 2430 nunc,
660 2374 712 2418 de
733 2376 823 2435 ipsa
841 2376 1149 2419 exercitatione
1180 2374 1283 2435 quid
1310 2376 1465 2418 sentias
1480 2409 1491 2430 ,

139 2454 383 2512 quaerimus.

201 2534 405 2576 XXXIII.
430 2533 641 2592 Equidem
662 2534 800 2593 probo
817 2534 917 2588 ista,
937 2536 1116 2578 Crassus
1135 2535 1294 2593 inquit,
1313 2549 1406 2592 quae
1418 2547 1492 2574 vos

142 2612 278 2655 facere
295 2612 459 2667 soletis,
481 2622 548 2668 ut,
571 2630 696 2656 causa
720 2612 861 2671 aliqua
878 2614 1017 2672 posita
1036 2611 1247 2657 consimili
1266 2628 1494 2657 causarum
