1843 3166
356 252 373 280 ''-
380 254 398 290 l,
871 249 932 282 m:
963 251 1028 284 ΟΒ
1036 251 1129 284 ΑΤΟ
1136 252 1162 284 R
1173 252 1196 284 Ε

354 334 601 390 prensando
626 332 843 376 dimittere
870 350 893 377 a
920 351 984 376 me
1011 332 1271 389 Scaevolam,
1297 350 1431 392 quum
1457 334 1493 375 vi
1523 335 1578 376 ita
1606 333 1717 376 dice-

354 428 472 469 rem,
502 430 569 456 me
594 413 704 458 velle
737 431 827 459 esse
868 416 1078 475 ineptum.
1112 414 1158 456 ld
1188 423 1277 456 erat
1308 423 1454 472 petere
1481 412 1681 456 blandius
1707 430 1715 455 ι

355 495 472 554 quod
496 496 575 540 uisi
604 497 748 555 inepte
773 495 912 551 fieret,
938 497 1047 538 bene
1074 512 1158 538 nou
1187 504 1325 554 posset
1355 494 1460 536 ficri.
1491 496 1617 536 Hune
1641 510 1717 535 au-

358 584 443 618 tem
479 592 569 619 esse
602 592 736 618 unum
772 576 992 618 hominem
1027 592 1080 618 cx
1122 575 1355 628 munibus,
1389 591 1476 634 quo
1512 583 1719 634 praesenle

356 670 436 715 ego
470 655 642 715 ineptus
679 672 769 699 esse
804 656 982 699 minime
1009 655 1160 698 vellem
1194 672 1201 697 :
1235 672 1363 714 quem
1398 655 1575 714 quidem
1606 670 1720 696 nune

358 750 551 777 mearum
577 735 840 794 ineptiarum
867 745 1018 777 testem
1045 745 1085 777 cl,
1111 744 1397 794 spectatorem
1421 734 1593 776 fortuna
1619 750 1722 776 con-

356 813 509 855 stituit.
536 814 649 857 Nam
676 813 781 872 quid
804 823 866 856 cst
892 814 1098 873 ineptius,
1120 830 1249 872 quam
1276 813 1327 855 (le
1352 812 1537 855 dicendo
1559 812 1722 866 dicere,

356 908 490 951 quum
536 894 676 952 ipsum
716 893 856 938 (licere
897 909 1122 952 nunquam
1163 894 1215 936 sit
1257 910 1342 935 uon
1387 894 1581 952 ineptum
1601 926 1612 947 ,
1643 893 1723 935 nisi

356 988 489 1031 quum
514 982 577 1015 est
600 973 916 1016 necessarium?
942 975 1078 1033 Perge
1105 989 1228 1028 vero,
1254 974 1427 1027 Crasse,
1456 972 1598 1031 inquit
1625 974 1725 1015 Mu-

357 1052 461 1095 cius.
493 1054 623 1094 Istam
654 1053 770 1094 enim
799 1051 996 1112 culpam,
1025 1069 1155 1111 quam
1182 1054 1364 1104 vereris,
1394 1069 1473 1113 ego
1499 1052 1722 1107 praestabo.

428 1133 567 1174 XXV.
607 1132 676 1174 Sic
719 1132 872 1191 igitur,
908 1133 1050 1191 inquit
1091 1135 1293 1187 Crassus,
1334 1133 1490 1188 sentio,
1522 1142 1722 1175 naturam

357 1210 546 1269 primum
568 1245 578 1266 ‚
625 1220 756 1270 atque
793 1212 1019 1272 ingenium
1064 1211 1118 1254 ad
1159 1212 1392 1255 dicendum
1441 1212 1529 1254 vim
1572 1211 1727 1254 afferre

357 1291 589 1334 maximam
612 1308 621 1333 ε
647 1308 787 1350 neque
812 1308 913 1335 vero
938 1292 1049 1348 istis,
1075 1291 1127 1335 de
1154 1292 1312 1352 quibus
1336 1291 1467 1352 paulo
1491 1302 1591 1335 ante
1616 1291 1723 1334 dixit

360 1370 597 1425 Antonius,
629 1370 914 1430 scriptoribus
942 1371 1068 1426 artis,
1094 1372 1308 1414 rationem
1333 1370 1506 1414 dicendi
1530 1381 1572 1414 et
1594 1371 1724 1421 viam,

359 1449 433 1492 sed
457 1460 658 1493 naturam
684 1449 883 1494 defuisse.
908 1452 1021 1494 Nam
1047 1460 1088 1493 et
1118 1451 1251 1493 animi
1275 1460 1403 1510 atque
1430 1451 1592 1511 ingenii
1620 1448 1730 1493 ‹ele-

360 1546 428 1573 res
451 1529 629 1589 quidam
655 1541 799 1574 motus
824 1547 915 1574 esse
940 1530 1120 1587 debent,
1144 1531 1219 1591 qui
1246 1541 1288 1574 et
1310 1530 1364 1574 ad
1389 1530 1728 1590 excogitandum

359 1611 497 1666 acuti,
526 1620 568 1653 et
600 1610 653 1652 ad
682 1610 987 1670 explicandum
1011 1610 1347 1670 ornandumque
1377 1611 1463 1653 sint
1490 1611 1662 1664 uberes,
1689 1620 1732 1653 et

361 1690 414 1733 ad
439 1691 694 1732 memoriam
716 1690 829 1732 firmi
852 1700 983 1749 atque
1005 1690 1217 1733 diuturni.

425 1774 481 1814 Et
504 1772 537 1813 si
562 1771 658 1829 quis
683 1780 748 1814 est
775 1771 851 1830 qui
875 1771 966 1814 haec
992 1782 1116 1831 putet
1146 1775 1239 1815 a'rte
1271 1773 1409 1832 accipi
1436 1789 1560 1832 posse
1596 1771 1733 1833 (quod

361 1847 517 1892 falsum
541 1859 625 1905 est3
651 1848 854 1909 praeclare
875 1851 990 1893 enim
1016 1867 1059 1893 se
1080 1867 1148 1894 res
1172 1851 1349 1906 habeat,
1369 1851 1403 1894 si
1424 1851 1515 1894 haec
1535 1851 1733 1904 accendi,

361 1938 436 1971 aut
464 1929 731 1972 commoveri
757 1938 849 1972 arte
883 1931 1084 1989 possint:
1116 1931 1246 1974 inseri
1281 1931 1478 1989 quidem,
1510 1941 1553 1973 et
1579 1930 1733 1974 donari

362 2009 415 2051 ab
438 2019 530 2052 arte
548 2026 637 2052 non
660 2018 842 2068 possunt
862 2010 1032 2063 omnia;
1050 2020 1151 2053 sunt
1169 2011 1284 2053 enim
1305 2009 1375 2053 illa
1393 2010 1506 2053 dona
1525 2009 1733 2069 naturae):

361 2088 466 2148 quid
487 2089 539 2132 de
566 2089 648 2131 illis
672 2088 805 2141 dicet,
835 2105 930 2148 quae
951 2099 1069 2132 certe
1096 2106 1196 2132 cum
1225 2090 1319 2149 ipso
1344 2090 1521 2132 homine
1545 2105 1733 2132 nascun-

363 2168 638 2228 tur?li11guae
667 2167 849 2223 solutio,
876 2170 992 2211 vocis
1023 2185 1176 2224 sonus,
1213 2169 1368 2223 latera,
1402 2171 1533 2223 vires,
1560 2169 1734 2213 confor-

363 2249 496 2291 matio
524 2248 722 2307 quaedam
746 2257 788 2290 et
817 2247 955 2308 figura
979 2250 1112 2291 totius
1138 2250 1225 2292 oris
1248 2260 1289 2292 et
1313 2249 1533 2309 corporis?

426 2329 581 2386 Neque
609 2328 698 2371 haec
726 2329 784 2370 ila
809 2328 926 2381 dico,
952 2338 1000 2371 ut
1022 2345 1092 2371 ars
1116 2327 1282 2388 aliquid
1305 2328 1455 2372 limare
1486 2346 1574 2372 non
1600 2331 1736 2389 possit

364 2406 525 2467 (neque
560 2408 675 2450 enim
712 2408 891 2467 ignoro,
935 2417 978 2450 et
1010 2424 1104 2466 quae
1138 2408 1252 2451 bona
1282 2409 1389 2463 sint,
1425 2409 1518 2452 fieri
1553 2408 1736 2452 meliora

365 2502 487 2546 posse
525 2486 745 2538 doctrina,
773 2496 815 2529 et
851 2503 945 2546 quae
979 2503 1067 2530 non
1096 2488 1282 2546 optima,
1309 2487 1455 2547 aliquo
1481 2487 1611 2530 modo
1639 2489 1736 2531 acui

368 2576 513 2609 tamen
537 2576 580 2609 et
599 2567 759 2626 corrigi
784 2574 928 2627 posse)
949 2584 958 2610 z
980 2568 1054 2610 sed
1079 2578 1179 2611 sunt
1202 2568 1382 2627 quidam
1406 2577 1481 2610 aut
1504 2568 1562 2608 ita
1587 2567 1735 2626 lingua

368 2646 636 2699 haesitantes,
660 2657 735 2689 aut
769 2648 827 2689 ila
861 2664 966 2690 voce
990 2647 1160 2703 absoni,
1193 2657 1266 2690 aut
1295 2648 1353 2688 ita
1381 2644 1502 2688 vultu
1528 2655 1735 2705 motuque
