1843 3166
697 224 840 258 LIBER
871 226 916 259 Π.
1433 227 1480 275 95

130 303 183 347 ad
207 305 429 349 scientiam
459 322 545 349 nou
573 322 682 366 saepe
708 308 955 366 perveniat,
983 326 1079 368 quae
1101 311 1324 370 opiniones
1348 312 1483 355 homi-

130 401 258 436 num,
296 396 336 428 et
359 402 468 446 soepe
489 401 656 429 errores
678 396 936 447 aucupetur,
966 390 1023 432 ita
1055 389 1217 445 dicam,
1254 391 1286 432 si
1314 407 1484 435 causam

130 465 291 523 putatis
307 480 397 508 esse
410 497 421 519 ,
449 481 528 508 cur
547 465 744 509 audiatis.

192 545 311 587 VIII.
329 544 496 587 —Nos
516 560 638 600 vero,
668 555 709 588 et
733 545 856 589 valde
885 547 1084 607 quidem,
1115 548 1297 592 Catulus
1325 550 1490 608 inquit,

131 631 355 681 putamus,
375 630 504 681 atque
526 639 577 666 eo
601 625 760 685 magis,
784 626 900 684 quod
924 626 1044 670 nulla
1070 627 1177 671 mihi
1200 628 1489 671 ostentatione

133 699 286 744 videris
314 717 404 744 esse
427 717 597 746 usurus.
636 706 826 748 Exorsus
847 721 890 749 es
916 707 1031 749 enirn
1058 723 1146 750 non
1168 706 1376 765 gloriose,
1399 723 1490 750 ma-

133 780 215 839 gis,
247 789 295 823 ut
327 790 374 825 tu
406 791 552 841 putas,
584 799 609 827 a
628 785 836 842 veritate,
867 802 999 845 quam
1024 802 1049 830 a
1075 787 1222 830 nescio
1248 802 1335 847 qua
1357 786 1496 846 digni-

134 869 231 903 tate.

198 969 252 974 —
274 943 336 985 Ut
358 943 492 1003 igitur
511 943 563 987 de
581 945 674 1005 ipso
695 961 852 1006 genere
873 962 968 990 sum
990 946 1235 1002 confessus,
1257 946 1399 1006 inquit
1418 948 1500 990 An-

136 1023 301 1074 tonius,
341 1032 479 1066 artem
514 1040 606 1068 esse
635 1041 723 1068 non
762 1027 996 1070 maximam
1022 1044 1032 1070 ε
1078 1027 1138 1070 sic
1166 1025 1274 1070 illud
1305 1026 1502 1079 affirmo,

134 1111 347 1162 praecepta
370 1118 494 1162 posse
519 1103 716 1163 quaedam
744 1104 837 1148 dari
860 1115 1068 1165 peracuta
1094 1105 1148 1149 ad
1173 1105 1503 1164 pertractandos

138 1184 306 1226 animos
333 1183 586 1237 hominum,
612 1193 655 1228 et
679 1183 734 1227 ad
762 1185 1038 1245 excipiendas
1064 1202 1214 1229 eorum
1240 1184 1500 1229 voluntates.

137 1263 279 1322 Hujus
306 1263 368 1306 rei
397 1264 621 1307 scientiam
638 1298 650 1320 ,
686 1265 719 1308 si
743 1266 840 1324 quis
870 1265 1008 1320 volet,
1043 1282 1244 1326 magnam
1274 1265 1506 1325 quamdam

138 1353 274 1387 artem
301 1360 412 1399 esse,
448 1343 612 1400 dicere,
640 1361 729 1388 non
753 1346 1023 1407 repugnabo.
1061 1346 1235 1389 Etenim
1259 1361 1394 1405 quum
1419 1343 1509 1406 ple-

141 1425 263 1484 rique
282 1434 443 1468 temere
461 1441 511 1468 ac
530 1424 651 1468 nulla
670 1426 839 1469 ratione
862 1442 1012 1470 causas
1033 1426 1074 1469 in
1098 1425 1191 1469 foro
1209 1425 1375 1481 dicant,
1400 1441 1510 1468 non-

142 1504 250 1549 nulli
271 1515 416 1550 autem
437 1515 618 1567 propter
636 1506 1013 1563 exercitationem,
1037 1517 1114 1551 aut
1136 1515 1315 1568 propter
1335 1522 1513 1549 consue-

144 1586 339 1630 tudinem
362 1585 552 1647 aliquam
568 1621 580 1644 ,
609 1586 807 1631 callidius
833 1587 878 1630 id
902 1587 1088 1642 faciant;
1117 1604 1204 1631 non
1225 1596 1288 1630 est
1312 1585 1514 1639 dubium,

142 1668 272 1727 quin,
307 1668 342 1711 si
367 1668 464 1728 quis
490 1666 869 1721 animadverterit,
898 1666 1005 1727 quid
1029 1668 1111 1722 sit,
1151 1683 1284 1727 quare
1319 1665 1391 1710 alii
1424 1683 1514 1710 me-

147 1747 256 1804 lius,
285 1765 417 1808 quam
445 1746 519 1791 alii
553 1747 722 1802 dicant,
759 1746 802 1790 id
833 1748 995 1807 possit,
1025 1757 1188 1791 notare.
1230 1749 1345 1808 Ergo
1373 1746 1416 1790 id
1443 1748 1518 1806 qui

151 1839 242 1873 toto
270 1830 314 1872 in
342 1846 498 1891 genere
525 1828 699 1885 fecerit,
738 1827 771 1872 is
797 1828 830 1872 si
866 1844 953 1871 non
983 1826 1110 1889 plane
1136 1837 1296 1884 artem,
1331 1837 1376 1872 at
1396 1826 1520 1887 quasi

147 1919 283 1953 artem
308 1909 541 1970 quamdam
563 1910 791 1953 invenerit.

213 1993 359 2051 Atque
382 1992 575 2046 utinam,
611 2001 660 2034 ut
685 1992 791 2035 mihi
818 1990 892 2035 illa
921 1992 1066 2035 videre
1094 1990 1244 2034 videor
1269 1991 1312 2034 in
1341 1990 1435 2034 foro
1461 2000 1524 2034 at-

154 2088 238 2131 que
258 2072 301 2115 in
319 2072 483 2128 causis,
512 2073 571 2115 ita
592 2088 732 2128 nunc,
757 2071 1126 2132 quemadmodum
1145 2088 1195 2115 ea
1215 2072 1526 2132 reperirentur,

153 2168 326 2214 possem
356 2153 479 2196 vobis
509 2151 748 2213 exponere!
784 2152 867 2196 Sed
899 2152 952 2196 de
986 2169 1055 2196 me
1079 2152 1228 2196 videro
1255 2169 1264 2195 :
1304 2168 1420 2196 nunc
1445 2152 1528 2196 hoc

155 2250 381 2296 propono,
411 2233 528 2294 quod
554 2234 661 2277 mihi
681 2234 900 2294 persuasi,
930 2234 1129 2294 quamvis
1150 2250 1218 2277 ars
1244 2249 1332 2277 non
1357 2233 1439 2290 sit,
1470 2242 1531 2276 ta-

154 2332 253 2360 men
294 2313 404 2358 nihil
441 2331 531 2359 esse
561 2315 755 2376 perfecto
790 2325 963 2359 oratore
1003 2314 1265 2376 praeclarius.
1310 2315 1445 2370 Nam,
1484 2323 1532 2379 ut

155 2414 284 2441 usum
313 2395 484 2440 dicendi
512 2396 734 2454 omittam,
763 2397 838 2457 qui
865 2397 908 2439 in
934 2398 1053 2440 omni
1077 2405 1232 2457 pacata
1251 2405 1291 2439 et
1317 2393 1453 2439 libera
1472 2395 1532 2437 ci—

156 2479 291 2522 vitate
321 2476 592 2532 dominatur,
623 2487 744 2521 tanta
771 2476 1006 2521 oblectatio
1033 2487 1097 2521 est
1128 2478 1173 2521 in
1205 2478 1297 2538 ipsa
1331 2475 1534 2519 facultate

159 2557 359 2615 dicendi,
384 2568 431 2601 ut
448 2556 557 2600 nihil
575 2558 803 2601 hominum
823 2568 899 2602 aut
917 2558 1118 2615 auribus,
1142 2567 1217 2601 aut
1233 2556 1450 2601 mentibus
1468 2556 1535 2616 ju-

160 2639 344 2684 cundius
368 2640 533 2701 percipi
560 2640 706 2701 possit.
