1843 3166
606 216 998 252 ADNOTATIONES.
1413 217 1456 252 33
1463 216 1482 249 3

189 296 299 329 Illum
319 294 355 328 in
374 304 503 339 campo
526 291 670 326 Martio.
699 293 825 326 Romae
852 291 972 326 forum
991 291 1029 325 in
1051 302 1179 337 campo
1206 292 1340 326 Martio
1368 293 1484 328 habe—

137 354 257 399 batur,
279 354 344 389 ubi
363 353 494 388 tabulae
519 351 852 386 nummulariorum
877 359 996 397 erant,
1025 357 1061 386 et
1090 350 1155 385 ubi
1179 351 1354 387 divisores
1374 365 1484 387 num—

136 428 254 459 mum,
273 427 337 450 seu
358 412 552 461 pecuniam
578 412 720 458 populo
749 412 964 447 dividebant
985 425 993 447 :
1014 424 1032 446 a
1053 424 1204 447 nummo
1228 412 1340 460 igitur
1366 414 1485 448 Num-

136 477 230 509 mius
249 476 307 510 hic
326 487 461 510 nomen
479 485 584 508 suum
612 472 761 508 traxisse
778 472 906 519 jocose
927 473 1073 508 dicitur.
1093 474 1230 507 PEARc.

188 538 273 572 Cn.
292 537 423 571 LXIV.
449 534 495 568 Ut
511 533 644 568 Statius
663 533 811 569 Scauro.
832 535 988 579 Gellius,
1004 547 1060 578 lv,
1082 546 1130 568 20
1151 546 1159 568 :
1181 549 1195 563 α
1211 533 1372 568 Caecilius
1391 547 1487 580 quo-

137 608 209 642 que
229 595 491 631 comoediarum
508 600 619 640 poeta
637 593 810 641 inclytus,
830 607 955 630 servus
975 595 1065 639 fuit,
1085 601 1120 629 et
1137 600 1336 640 propterea
1355 605 1488 629 nomen

134 656 264 691 habuit
283 656 428 691 Statius.
445 671 458 686 »
482 656 516 689 Is
534 654 648 699 forte,
672 662 735 690 aut
759 655 885 702 potius
907 654 998 690 alius
1018 654 1183 700 ejusdem
1206 653 1365 688 nominis
1383 653 1491 688 liber-

135 717 251 760 tinus,
281 717 420 751 Scauro
453 714 696 749 stomachanti
733 721 988 762 paupertatem
1017 715 1131 762 patris
1161 714 1370 760 objecerat,
1405 714 1490 760 qui,

135 776 301 824 quamvis
323 776 498 823 patricius
525 782 560 810 et
579 775 733 819 nobilis,
754 775 1009 811 carbonariam
1034 783 1155 810 tamen
1180 775 1411 810 exercuisset.
1436 776 1490 809 Ex

134 850 179 872 eo
198 844 320 872 natam
339 837 463 872 ferunt
484 837 602 884 legem
620 836 798 871 Liciniam
817 845 852 872 et
872 836 1029 871 Mutiam
1042 863 1052 882 ‚
1072 836 1118 871 de
1137 835 1311 884 regundis
1331 835 1490 879 civibus,

135 899 244 933 latam
280 910 299 933 a
332 897 475 933 Licinio
496 898 625 932 Crasso
646 903 682 931 et
701 899 744 942 Q.
771 896 898 932 Mucio
924 898 1105 941 Scaevola,
1132 909 1213 944 quae
1232 897 1370 931 bellum
1395 896 1491 931 itali-

135 972 219 993 cum
236 971 367 1006 magna
386 970 431 993 ex
454 964 558 1004 parte
581 957 794 1003 concitavit3
815 957 919 1005 quod
944 958 1010 1005 qui
1028 958 1090 992 vix
1109 958 1202 992 liber
1223 964 1313 992 esset
1333 963 1368 991 et
1387 956 1491 1000 civis,

134 1026 198 1055 aut
223 1032 269 1054 ne
294 1018 381 1054 civis
406 1018 578 1066 quidem,
598 1024 671 1053 tam
689 1019 847 1065 superbe
871 1019 1077 1066 principem
1100 1025 1246 1054 senatus
1265 1018 1489 1065 appellasset.

133 1081 189 1116 De
220 1092 294 1127 qua
323 1081 403 1128 lege
432 1079 517 1114 vide
548 1080 797 1125 CICERONEM,
836 1080 899 1115 lib.
934 1093 1002 1125 111,
1035 1093 1114 1127 cap.
1159 1092 1221 1124 11,
1254 1079 1383 1126 OffiC.;
1416 1091 1489 1125 pro

135 1141 271 1183 Balbo,
296 1147 331 1175 et
343 1153 416 1188 pro
438 1141 477 1175 C.
500 1139 675 1176 Cornelio.
696 1140 790 1175 Huic
809 1141 1043 1188 usurpationi
1060 1153 1140 1175 non
1160 1140 1362 1175 admodum
1385 1139 1490 1174 dissi—

134 1201 228 1237 milis
263 1208 316 1236 est
346 1203 519 1251 παρῳδῐα,
564 1213 680 1247 quum
704 1214 850 1236 versum
881 1203 1034 1248 paulum
1064 1202 1320 1246 immutamus,
1345 1207 1408 1235 aut
1445 1200 1490 1235 ad

135 1276 262 1299 versus
280 1270 399 1310 poetae
417 1261 553 1297 nobilis
576 1261 850 1297 similitudinem
868 1275 1015 1298 versum
1035 1262 1248 1306 condimus,
1271 1268 1314 1296 ut
1337 1261 1384 1296 ad
1409 1260 1491 1295 imi-

134 1324 312 1359 tationem
333 1336 507 1359 versuum
525 1323 678 1358 Homeri
696 1324 887 1371 Hegemon
900 1324 1073 1359 Thrasius
1090 1336 1222 1370 poema
1239 1329 1358 1357 totum
1378 1320 1491 1371 (unde

134 1385 298 1432 parodus
314 1391 426 1432 poeta
437 1385 640 1432 appellatus
654 1382 720 1433 est)
735 1391 770 1419 et
782 1386 933 1420 Matron
947 1385 1047 1431 apud
1060 1385 1289 1427 Athenaeum,
1303 1396 1352 1417 1v.
1366 1385 1490 1417 Tmm.

189 1447 327 1481 Sentin'
346 1459 478 1481 senem.
500 1445 684 1481 Antonius
707 1452 847 1490 orator,
869 1458 999 1480 censor
1017 1446 1149 1491 factus,
1171 1445 1215 1479 de
1240 1443 1380 1479 ambitu
1400 1455 1490 1478 cau-

136 1519 212 1542 sam
236 1507 352 1552 dixit,
381 1515 570 1543 accusatus
593 1520 614 1542 a
633 1509 684 1541 Μ.
711 1506 895 1541 Duronio.
918 1506 1053 1541 Coelius
1074 1506 1179 1551 cujus
1198 1504 1294 1540 filius
1313 1511 1410 1548 erat,
1432 1504 1491 1538 in—

135 1568 402 1614 temperantior
425 1568 462 1602 in
479 1567 651 1602 libidines
676 1565 774 1614 (eum
793 1565 889 1600 enim
915 1566 974 1599 hic
997 1565 1192 1599 delicatum
1210 1562 1354 1612 vocat),
1375 1576 1488 1610 pecu-

82 1657 84 1659 .
134 1628 235 1662 niam
262 1627 459 1674 quamdam
483 1638 503 1660 a
526 1637 563 1659 se
590 1625 795 1671 profectam
815 1624 981 1668 dicebat,
1008 1637 1083 1671 qua
1102 1631 1278 1671 corrupta
1302 1630 1419 1658 essent
1443 1623 1490 1658 ab

135 1688 299 1723 Antonio
324 1685 499 1733 suffragia
524 1699 531 1720 :
558 1685 651 1720 dixit
666 1684 847 1720 Antonius
872 1686 918 1720 ab
939 1685 1168 1720 adolescente
1187 1685 1225 1719 in
1243 1684 1491 1720 meretriculas

136 1748 358 1795 insumptam
388 1754 560 1783 emuncto
590 1753 713 1794 patre,
743 1753 785 1780 ut
814 1746 851 1780 in
880 1746 1069 1781 comoediis
1094 1746 1342 1782 adolescentes
1371 1746 1490 1780 facere

136 1810 264 1845 solent.
295 1810 457 1856 Tangere
484 1807 581 1842 enim
613 1807 672 1841 hic
691 1806 836 1852 fallere
863 1813 898 1841 et
925 1808 1177 1842 circumvenire
1207 1814 1270 1842 est.
1302 1807 1451 1841 Plautus
1481 1819 1488 1841 ε

136 1884 151 1901 «
166 1870 262 1915 Quia
274 1881 395 1904 amare
415 1868 544 1915 coepit,
563 1875 713 1916 tangere
732 1867 918 1902 hominem
936 1869 1017 1902 vult
1035 1868 1137 1902 bolo.
1151 1867 1240 1903 »Sic
1258 1867 1367 1902 ferire
1387 1867 1489 1902 dice-

135 1931 244 1975 bant,
267 1936 308 1964 ut
326 1928 518 1965 Terentius
539 1941 546 1963 ε
568 1928 763 1963 «Ferietur
782 1928 854 1963 alio
871 1940 1023 1963 munere
1043 1930 1175 1963 Geta.»
1197 1929 1248 1962 M.
1269 1934 1389 1962 autem
1407 1929 1489 1962 ΑΒ»

137 1990 260 2025 tonius
294 1997 329 2025 et
365 1991 406 2025 L.
443 1991 593 2025 Flaccus
632 2001 801 2024 censores
830 1989 930 2023 hunc
958 1988 1168 2023 Duronium
1201 1994 1331 2035 postea
1361 1994 1487 2022 senatu

134 2058 347 2095 moverunt,
368 2050 473 2098 quod
490 2051 606 2098 legem
626 2048 672 2084 de
702 2048 913 2084 coercendis
931 2049 1186 2084 conviviorum
1206 2048 1411 2095 sumptibus
1434 2048 1468 2082 la
1482 2068 1489 2073 -

137 2118 211 2146 tam
230 2111 316 2146 trib.
334 2111 454 2158 plebis
479 2111 732 2158 abrogaverat,
755 2111 876 2145 TURN.

192 2171 436 2216 Conjicc’untur
460 2171 664 2218 proverbia.
693 2169 936 2205 Proverbium
967 2177 1021 2205 est
1055 2182 1063 2204 :
1101 2171 1222 2217 «Agas
1252 2168 1423 2213 asellum,
1460 2169 1488 2203 si

136 2232 268 2267 bovem
290 2243 396 2279 agere
420 2243 497 2266 non
516 2244 647 2278 queas,
667 2246 682 2262 »
705 2230 809 2277 quod
829 2236 905 2264 tum
925 2231 970 2266 de
991 2230 1145 2265 Claudio
1165 2230 1306 2275 Asello,
1327 2242 1486 2276 quocum

137 2293 288 2340 gerebat
312 2290 534 2335 inimicitias,
559 2291 750 2338 usurpavit
776 2290 911 2337 Scipio.
935 2293 1058 2326 Graece
1084 2292 1133 2326 sic
1164 2291 1318 2325 effertur
1343 2303 1351 2324 :
1377 2296 1414 2328 Εἰ
1443 2310 1486 2340 μγ.

137 2355 247 2391 δύναιο
275 2356 366 2398 Cosas»,
394 2358 504 2390 ἔλαυνε-Ξ
527 2343 612 2402 γὀῧν
643 2358 728 2397 ὄνον,
762 2364 838 2398 quo
869 2364 1063 2386 monemur
1089 2360 1130 2386 ut
1161 2352 1190 2386 si
1224 2351 1377 2386 bubulci
1413 2363 1487 2385 essc

136 2426 214 2448 non
238 2413 440 2460 possimus,
464 2425 531 2448 nec
560 2425 737 2460 queamus
767 2413 825 2446 vel
851 2412 1056 2459 plaustrum
1083 2413 1141 2447 vel
1175 2418 1336 2447 aratrum
1363 2423 1487 2458 agere,

138 2473 283 2508 asinarii
310 2473 419 2508 simus
443 2475 579 2508 saltem.
607 2472 833 2521 Significavit
857 2473 903 2507 ab
934 2472 1218 2519 imperatoribus
1246 2484 1329 2506 eum
1360 2470 1484 2517 inopia

137 2533 325 2569 meliorem
344 2534 494 2568 ductum
513 2533 639 2578 fuisse3
657 2546 725 2568 nec
744 2541 818 2567 tam
842 2533 994 2568 ductum
1015 2533 1166 2567 militem
1185 2532 1230 2566 ab
1250 2531 1484 2578 imperatore,

140 2605 250 2640 quam
274 2593 414 2629 asinum
441 2594 487 2628 ab
514 2606 671 2642 agasone
696 2599 815 2629 actum
836 2605 921 2630 esse.
949 2593 1128 2629 Nonnulli
1152 2593 1210 2628 hic
1241 2605 1360 2640 agaso
1384 2593 1487 2626 asel-
