1843 3166
718 271 860 306 LIBER
890 271 917 305 1.
1448 283 1458 305 ι
1475 284 1485 305 1

139 359 332 417 riamque
362 355 589 409 meditere,
618 354 719 415 quid
749 372 839 399 esse
864 364 1006 415 potest
1041 355 1084 397 in
1119 356 1208 398 otio
1241 364 1313 397 aut
1333 356 1492 415 jucun-

140 437 254 491 dius,
290 444 363 479 aut
400 435 534 495 magis
578 435 802 495 proprium
842 435 1145 491 humanitatis,
1179 450 1306 494 quam
1350 451 1490 478 sermo

138 516 301 559 facetus
331 531 380 558 ac
407 513 525 557 nulla
554 515 598 557 in
623 531 670 558 re
700 514 847 558 rudis?
869 517 964 559 Hoc
988 515 1103 559 enim
1128 531 1216 558 uno
1242 525 1490 575 praestamus

139 594 205 638 vel
231 595 414 638 maxime
439 594 558 650 feris,
584 594 700 655 quod
725 593 1016 654 colloquimur
1039 595 1151 638 inter
1174 611 1277 650 nos,
1307 604 1348 638 et
1373 595 1490 654 quod

139 675 378 735 ‹xprimere
401 673 585 718 dicendo
608 692 728 719 sensa
750 691 988 736 possumus.

202 754 500 810 Quamobrem
531 756 626 814 quis
652 756 735 799 hoc
771 771 858 798 non
887 756 985 815 jure
1017 756 1216 812 miretur,
1242 771 1494 815 summeque

139 835 182 877 in
207 851 258 877 eo
275 833 584 878 elaborandum
609 852 699 879 esse
715 836 971 892 arbitretur,
995 845 1060 889 ut,
1082 852 1168 896 quo
1188 852 1276 879 uno
1297 835 1493 879 homines

138 916 322 958 maxime
348 916 493 960 bestiis
526 926 748 977 praestent,
780 918 824 960 in
852 917 934 960 hoc
960 917 1209 960 hominibus
1238 916 1340 977 ipsis
1372 926 1493 960 ante·

140 993 296 1038 cellat?
321 998 381 1040 Ut
404 1013 506 1040 vero
529 998 616 1057 jam
651 996 704 1041 ad
741 996 812 1040 illa
849 1013 1014 1040 summa
1044 997 1285 1053 veniamus,
1314 1013 1409 1056 quae
1434 996 1496 1039 vis

141 1072 223 1117 alia
251 1064 393 1135 Potuit
421 1086 494 1120 aut
523 1077 736 1137 dispersos
763 1077 960 1120 homines
990 1093 1127 1120 unum
1156 1078 1199 1120 in
1225 1076 1369 1120 locum
1395 1093 1497 1120 con-

143 1170 337 1214 gregare,
363 1165 437 1198 aut
466 1173 487 1198 a
513 1156 602 1199 fera
633 1157 876 1217 agrestique
900 1157 1011 1211 vita,
1036 1155 1090 1199 ad
1115 1156 1230 1199 hunc
1254 1155 1496 1199 humanum

142 1233 306 1277 cultum
334 1234 590 1295 civilemque
622 1236 860 1290 deducere,
886 1245 977 1289 aut,
1003 1237 1092 1295 jam
1123 1236 1367 1278 constitutis
1393 1235 1497 1278 civi-

142 1314 321 1368 tatibus,
348 1314 481 1375 leges,
503 1315 683 1374 judicia,
705 1316 803 1374 jura
831 1314 1098 1359 describere?

205 1395 287 1449 Ac,
311 1410 366 1437 ne
388 1393 536 1454 plura,
557 1411 651 1454 quae
677 1405 774 1438 sunt
800 1411 920 1455 paene
944 1393 1298 1450 innumerabilia,
1322 1411 1498 1438 consec·

142 1483 229 1530 ter,
265 1475 629 1534 comprehendam
666 1475 814 1528 brevi;
853 1476 912 1519 sic
953 1476 1065 1518 enim
1107 1484 1273 1530 statuo,
1319 1474 1499 1535 perfecti

142 1556 325 1599 oratoris
360 1555 655 1599 moderatione
690 1563 731 1598 et
761 1556 971 1616 sapientia
997 1573 1084 1599 non
1110 1554 1250 1599 solum
1275 1555 1409 1616 ipsius
1435 1554 1500 1598 di-

144 1635 376 1695 gnitatem,
403 1634 476 1678 sed
513 1644 555 1678 et
586 1636 853 1696 privatorum
883 1633 1191 1695 plurimorum,
1216 1645 1256 1678 et
1291 1634 1501 1677 universae

142 1714 390 1774 reipublicae
413 1713 594 1757 salutem
623 1715 806 1758 maxime
830 1716 1057 1758 contineri.
1083 1714 1379 1772 Quamobrem
1403 1729 1501 1773 per-

145 1794 254 1853 gite,
284 1803 332 1836 ut
361 1793 518 1849 facitis,
547 1791 836 1836 adolescentes
871 1810 879 1835 :
910 1802 1038 1854 atque
1067 1793 1112 1836 in
1144 1793 1187 1836 id
1216 1793 1427 1849 studium,
1458 1792 1502 1835 in

144 1889 232 1933 quo
255 1874 373 1929 estis,
400 1874 658 1930 incumbite,
686 1883 734 1916 ut
763 1884 806 1917 et
831 1874 952 1917 vobis
976 1873 1156 1929 honori,
1181 1883 1224 1916 et
1247 1873 1396 1916 amicis
1423 1872 1505 1916 uti-

146 1950 280 2009 litati,
305 1962 347 1997 et
371 1953 617 2014 reipublicae
642 1952 935 1997 emolumento
961 1969 1050 1996 esse
1076 1954 1260 2013 possitis.

213 2034 291 2077 IX.
326 2036 437 2077 Tum
449 2033 636 2078 Scaevola
654 2034 854 2089 comiter,
874 2042 921 2076 ut
937 2032 1118 2088 solebat,
1137 2036 1309 2087 Cetera,
1335 2032 1475 2091 lnquit
1493 2065 1504 2085 ,

147 2114 357 2158 assentior
385 2115 563 2168 Crasso,
598 2131 651 2157 ne
680 2123 756 2158 aut
787 2114 839 2157 de
871 2115 920 2158 C.
955 2112 1097 2167 Laelii,
1130 2113 1267 2156 soceri
1298 2112 1403 2166 mei,
1431 2121 1507 2154 aut

148 2194 200 2237 de
224 2194 377 2254 hujus,
401 2195 569 2255 generi,
595 2204 668 2239 aut
705 2205 816 2250 arte,
848 2203 926 2237 aut
966 2193 1104 2254 gloria
1137 2192 1359 2236 detraham
1391 2208 1400 2235 ε
1433 2190 1504 2234 sed

147 2273 223 2317 illa
257 2273 363 2329 duo,
410 2277 586 2330 Crasse,
631 2292 806 2330 vereor,
843 2284 892 2317 ut
925 2274 1003 2317 tibi
1044 2274 1204 2334 possim
1241 2269 1506 2323 concedere;

149 2369 309 2410 unum,
333 2355 449 2414 quod
479 2354 531 2398 ab
562 2355 806 2399 oratoribus
830 2354 1023 2398 civitates
1057 2363 1099 2396 et
1125 2354 1178 2396 ab
1202 2353 1327 2395 initio
1349 2351 1507 2394 consti-

152 2443 283 2488 tutas,
312 2444 352 2477 et
378 2451 486 2494 saepe
519 2444 790 2478 conservatas
816 2450 906 2478 esse
929 2433 1073 2478 dixisti
1100 2451 1108 2476 :
1135 2432 1341 2486 alterum,
1369 2431 1507 2492 quod,

151 2523 318 2557 remoto
352 2513 467 2567 foro,
499 2515 726 2569 concione,
750 2514 941 2575 judiciis,
973 2523 1144 2568 senatu,
1178 2513 1382 2567 statuisti,
1414 2526 1507 2555 ora-

152 2603 289 2637 torem
308 2595 352 2637 in
377 2595 495 2638 omni
521 2611 675 2655 genere
695 2595 904 2638 sermonis
925 2604 966 2638 et
990 2595 1271 2638 humanitatis
1296 2609 1386 2637 esse
1410 2607 1506 2651 per-

153 2673 325 2716 sectum.
