1843 3166
714 278 857 312 LIBER
886 279 914 311 Ῑ.
1470 275 1489 309 5

134 367 294 425 posita,
327 365 543 408 communi
580 363 765 421 quodam
802 363 844 404 in
882 379 985 415 usu,
1023 371 1151 419 atque
1188 361 1228 402 in
1265 360 1486 402 hominum

134 462 252 488 more
277 454 317 487 et
349 459 544 487 sermone
568 451 762 485 versatur
787 459 795 484 :
828 450 876 484 ut
902 442 943 483 in
970 441 1121 483 ceteris
1149 439 1189 482 id
1215 440 1398 481 maxime
1422 455 1491 481 ex-

134 523 278 580 cellat,
304 523 419 583 quod
443 522 692 582 longissime
715 522 771 564 sit
795 521 847 564 ab
872 520 1174 580 imperitorum
1206 516 1486 577 intelligentia

133 620 341 662 sensuque
359 602 647 662 disjunctum,
668 603 710 644 in
733 600 916 644 dicendo
936 610 1079 643 autem
1100 599 1251 641 vitium
1273 597 1337 640 vel
1359 599 1491 640 maxi-

134 699 251 725 mum
279 684 331 726 sit
365 699 389 725 a
417 682 583 742 vulgari
619 698 775 742 genere
805 681 1012 723 orationis
1046 688 1174 738 atque
1206 695 1229 721 a
1257 687 1487 721 consuetu-

132 763 230 806 dine
253 764 494 806 communis
517 778 665 806 sensus
685 762 931 805 abliorrere.

194 844 269 886 lV.
307 844 372 887 Ac
398 859 450 885 ne
476 842 581 886 illud
612 842 786 902 quidem
815 858 914 885 vere
939 841 1023 884 dici
1052 850 1210 900 potest,
1242 851 1315 883 aut
1346 840 1489 899 plures

132 923 282 966 ceteris
313 924 478 966 artibus
513 923 742 977 inservire,
777 932 850 965 aut
881 922 1043 980 majore
1077 920 1384 975 delectatione,
1416 930 1490 963 aut

131 1018 205 1061 spe
227 1003 444 1057 uberiore,
469 1013 543 1045 aut
566 1002 751 1062 praemiis
775 1001 827 1044 ad
851 1001 1181 1061 perdiscendum
1207 1000 1490 1059 amplioribus

131 1084 408 1126 commoveri.
437 1085 598 1142 Atque,
634 1093 680 1125 ut
717 1083 914 1125 omittam
945 1082 1178 1136 Graeciam,
1203 1097 1298 1139 quae
1324 1096 1491 1139 semper

131 1161 384 1221 eloquentiae
404 1164 603 1223 princeps
622 1179 712 1206 esse
732 1161 890 1215 voluit,
911 1171 1039 1220 atque
1065 1160 1156 1203 illas
1174 1161 1367 1203 omnium
1393 1159 1492 1201 doc-

132 1243 344 1285 trinarum
370 1244 626 1286 inventrices
649 1244 860 1297 Athenas,
884 1243 927 1284 in
953 1242 1109 1300 quibus
1133 1256 1300 1282 summa
1319 1238 1488 1281 dicendi

131 1322 193 1364 xis
217 1331 260 1364 et
283 1322 457 1364 inventa
482 1331 546 1363 est
576 1330 619 1363 et
641 1320 828 1379 perfecta
856 1337 864 1362 ε
898 1321 938 1361 in
970 1319 1049 1361 hac
1075 1319 1164 1377 ipsa
1190 1317 1362 1360 civitate
1387 1334 1488 1376 pro—

130 1399 242 1442 fecto
286 1398 405 1442 nulla
452 1415 642 1458 unquam
687 1399 982 1441 vehementius
1003 1432 1013 1451 ,
1063 1413 1191 1456 quam
1235 1395 1491 1455 eloquentiae

130 1478 272 1522 studia
297 1479 539 1539 viguerunt.

192 1559 304 1602 Nam
336 1569 614 1618 posteaquam
633 1594 644 1613 ,
672 1559 853 1618 imperio
887 1558 1082 1601 omnium
1111 1559 1303 1618 gentium
1334 1558 1493 1600 consti-

131 1647 250 1692 tuto,
283 1638 546 1682 diuturnitas
585 1640 702 1698 pacis
743 1639 879 1681 otium
917 1637 1209 1693 confirmavit,
1240 1654 1367 1680 nemo
1406 1636 1492 1679 fere

131 1717 269 1761 laudis
296 1719 478 1778 cupidus
503 1718 752 1762 adolescens
765 1736 870 1792 (non
905 1719 983 1761 sibi
1011 1718 1064 1761 ad
1093 1717 1324 1760 dicendum
1349 1715 1492 1760 studio

132 1800 249 1843 omni
278 1800 529 1842 enitendum
570 1801 752 1858 putavitss
791 1802 851 1842 Ac
876 1800 1017 1859 primo
1047 1798 1221 1858 quidem
1262 1798 1393 1840 totius
1425 1813 1493 1839 ra-

132 1878 261 1922 tionis
283 1879 441 1939 ignari,
462 1880 535 1938 qui
554 1896 693 1939 neque
707 1880 1023 1922 exercitationis
1043 1878 1173 1922 ullam
1197 1879 1308 1920 viam
1323 1911 1334 1932 ,
1356 1893 1494 1935 neque

132 1957 306 2017 aliquod
344 1969 609 2018 praeceptum
652 1961 756 2002 artis
794 1975 884 2002 esse
921 1959 1260 2011 arbitrarentur,
1297 1965 1494 2007 tantum,

131 2048 343 2097 quantum
393 2039 568 2099 ingenio
607 2048 649 2082 et
687 2040 950 2098 cogitatione
990 2047 1215 2097 poterant,
1261 2051 1496 2094 conseque—

132 2118 304 2161 bantur.
332 2120 434 2162 Post
460 2129 627 2179 autemJ
652 2118 810 2161 auditis
834 2118 1079 2161 oratoribus
1104 2117 1275 2176 graecis,
1295 2115 1498 2174 cognitis-

134 2213 217 2255 que
245 2213 395 2240 eorum
426 2196 600 2253 litteris,
630 2198 923 2256 adhibitisque
948 2196 1224 2250 doctoribus,
1255 2192 1495 2236 incredibili

133 2276 320 2336 quodam
364 2279 499 2321 nostri
548 2278 744 2320 homines
785 2276 957 2320 dicendi
1003 2274 1146 2319 studio
1189 2274 1494 2334 flagraverunt.

196 2357 420 2399 Excitabat
460 2373 531 2400 eos
572 2356 828 2417 magnitudo
860 2366 902 2398 et
934 2357 1141 2409 varietas,
1175 2352 1498 2412 multitudoque

135 2437 178 2478 in
199 2437 318 2479 omni
343 2453 499 2496 genere
519 2453 765 2493 causarum,
793 2446 837 2478 ut
869 2436 922 2479 ad
950 2452 1043 2479 eam
1069 2435 1312 2478 doctrinam
1331 2469 1341 2487 ,
1367 2449 1497 2492 quam

136 2533 213 2559 suo
245 2517 427 2576 quisque
459 2516 602 2559 studio
634 2526 854 2559 assecutus
891 2526 1021 2571 esset,
1053 2515 1361 2575 adjungeretur
1397 2529 1499 2555 usus

136 2595 356 2655 frequens,
380 2597 452 2655 qui
477 2597 670 2639 omnium
696 2597 1001 2656 magistrorum
1028 2605 1241 2656 praecepta
1263 2601 1495 2653 superaret.

137 2678 271 2720 Erant
308 2686 452 2720 autem
488 2678 587 2719 liuic
627 2677 769 2720 studio
807 2677 1011 2734 maxima,
1044 2692 1136 2735 quae
1173 2692 1288 2718 nunc
1327 2689 1499 2733 quoque
