1843 3166
680 225 821 260 LIBER
850 226 896 260 II.
1386 223 1457 262 20'3

123 307 194 349 nio
218 307 357 349 minor
388 316 461 349 est.
492 307 560 349 An
589 322 632 349 se
660 306 854 350 nescire?
880 307 987 362 Quae
1016 321 1094 366 ego
1114 322 1226 361 sero,
1250 324 1341 366 quae
1363 325 1458 352 cur-

123 386 201 428 sim
215 386 401 444 arripui,
416 400 509 443 quae
524 384 746 427 subsicivis
763 385 902 444 operis
919 385 984 445 (ut
1003 385 1154 445 aiunt),
1170 386 1246 428 iste
1264 402 1287 428 a
1306 402 1456 445 puero,

124 481 291 508 summo
308 463 469 516 studio,
492 463 667 506 summis
688 463 949 506 doctoribus.
973 462 1091 507 Nihil
1112 462 1250 507 dicam
1271 463 1321 506 de
1342 465 1459 523 inge-

124 545 217 598 nio,
244 543 311 586 cui
336 558 414 602 par
433 558 559 585 nemo
582 541 688 585 fuit:
719 543 876 585 etenim
900 559 966 585 me
981 542 1189 586 dicentem
1211 543 1284 601 qui
1312 542 1458 585 audie-

124 624 199 678 rit,
226 638 348 665 nemo
374 637 563 681 unquam
586 631 672 665 tam
696 623 761 665 sui
789 622 1024 682 despiciens
1049 621 1152 678 fuit,
1187 622 1290 681 quin
1322 637 1459 681 spera-

124 711 186 744 ret
212 711 285 744 aut
306 699 475 757 melius,
499 711 573 744 aut
599 700 748 745 eodem
767 701 895 745 modo
917 718 960 745 se
986 717 1107 761 posse
1130 701 1288 757 dicere3
1306 703 1460 745 Crasso

124 779 313 835 dicente,
343 796 467 822 nemo
501 789 586 822 tam
612 796 836 841 arrogans,
874 781 947 840 qui
976 780 1168 824 similiter
1202 796 1244 824 se
1274 796 1463 839 unquam

127 858 343 901 dicturum
368 874 459 902 esse
486 858 727 902 confideret.
757 860 1071 915 Quamobrem,
1094 876 1146 903 ne
1167 859 1322 902 frustra
1340 859 1384 901 hi
1407 868 1465 902 ta-

125 936 183 981 les
209 938 291 980 viri
316 937 533 991 venerint,
559 947 600 981 te
626 936 878 998 aliquando,
902 941 1076 994 Crasse,
1103 938 1338 981 audiamus.

187 1018 478 1060 XC.——Tum
509 1016 600 1072 ille,
633 1018 695 1060 Ut
720 1019 777 1062 ita
805 1019 883 1062 ista
912 1035 1000 1061 esse
1024 1017 1276 1072 concedam,
1302 1017 1465 1075 inquit,

128 1095 317 1150 Antoni,
345 1112 440 1156 quae
464 1106 564 1139 sunt
576 1095 704 1157 longe
725 1113 861 1153 secus,
888 1096 992 1156 quid
1010 1097 1113 1140 mihi
1132 1105 1178 1139 tu
1204 1095 1375 1139 tandem
1391 1095 1468 1137 ho-

128 1174 216 1228 die,
241 1184 313 1218 aut
344 1176 542 1234 cuiquam
574 1176 757 1231 homini,
789 1176 903 1235 quod
928 1175 1011 1219 dici
1044 1176 1197 1235 possit,
1230 1172 1467 1233 reliquisti?

129 1254 282 1297 Dicam
315 1255 428 1296 enim
463 1271 581 1309 vere,
618 1256 861 1298 amicissimi
894 1255 1111 1309 homines,
1143 1253 1258 1313 quod
1295 1253 1429 1295 sentio
1459 1267 1469 1293 ε

129 1349 235 1392 saepe
260 1349 339 1393 ego
367 1333 514 1376 doctos
528 1334 742 1387 homines,
762 1333 866 1392 quid
892 1333 987 1377 dico
1013 1333 1146 1392 saepe?
1168 1333 1254 1375 imo
1274 1346 1471 1374 nonnun-

131 1428 283 1471 quam,
298 1428 406 1471 saepe
419 1412 553 1467 enim,
576 1413 647 1471 qui
661 1412 807 1471 potui,
833 1413 906 1471 qui
926 1427 1031 1472 puer
1043 1412 1087 1454 in
1105 1411 1246 1453 forum
1260 1409 1472 1464 venerim,

127 1507 265 1549 neque
301 1490 399 1533 inde
428 1507 614 1549 unquam
643 1490 825 1546 diutius,
861 1507 991 1550 quam
1021 1499 1206 1550 quaestor
1230 1486 1473 1532 abfuerim?

130 1569 202 1612 sed
226 1579 367 1612 tamen
386 1569 549 1625 audivi,
579 1579 625 1612 ut.
646 1570 738 1612 heri
759 1569 969 1624 dicebam,
995 1578 1035 1611 et
1058 1568 1235 1611 Athenis
1261 1582 1394 1625 quum
1412 1581 1474 1607 es-

131 1665 244 1705 sem,
264 1648 531 1692 doctissimos
555 1648 689 1702 viros,
709 1657 751 1689 et
768 1648 808 1689 in
833 1648 933 1690 Asia
951 1648 1079 1689 istum
1103 1647 1242 1705 ipsum
1257 1644 1475 1703 Scepsium

130 1727 448 1783 Metrodorum,
468 1742 601 1786 quum
627 1725 678 1768 de
698 1726 763 1768 his
786 1727 888 1785 ipsis
905 1726 1030 1769 rebus
1048 1725 1310 1785 disputaret:
1340 1738 1476 1781 neque

132 1824 233 1851 vero
252 1807 356 1850 mihi
385 1808 607 1866 quisquam
635 1806 850 1866 copiosius
875 1822 1064 1864 unquam
1088 1806 1202 1848 visus
1229 1813 1311 1859 est,
1338 1818 1475 1861 neque

135 1885 333 1929 subtilius
362 1887 404 1928 in
429 1886 510 1928 hoc
544 1901 694 1946 genere
718 1884 910 1941 dicendi,
937 1901 1064 1943 quam
1099 1885 1178 1927 iste
1207 1882 1354 1937 hodie,
1388 1896 1477 1924 esse

135 1975 335 2008 versatus.
356 1964 485 2021 Quod
507 1965 540 2007 si
568 1974 677 2008 esset
702 1962 849 2019 aliter,
872 1973 913 2006 et
932 1961 1095 2022 aliquid
1121 1960 1402 2020 intelligerem
1424 1959 1476 2001 ab

136 2045 323 2088 Antonio
358 2032 715 2103 praetermissum,
741 2059 828 2085 non
856 2058 988 2085 essem
1022 2052 1107 2084 tam
1139 2041 1397 2091 inurbanus,
1431 2054 1479 2080 ac

138 2139 257 2183 paene
286 2123 565 2178 inhumanus,
590 2122 720 2165 utico
748 2138 962 2182 gravarer,
984 2120 1100 2179 quod
1121 2136 1193 2163 vos
1213 2134 1369 2178 cupere
1394 2132 1481 2159 sen-

142 2203 272 2244 tirem.

201 2283 383 2324 —-Tum
405 2280 637 2341 Sulpicius,
651 2283 717 2324 An
735 2296 852 2341 ergO,
873 2281 1032 2339 inquit,
1049 2279 1206 2324 oblitus
1227 2295 1289 2334 es,
1312 2278 1481 2328 Crasse,

146 2361 372 2403 Antonium
398 2361 459 2403 ita
484 2362 690 2419 partitum
723 2376 812 2403 esse
842 2369 1004 2415 tecum,
1032 2369 1080 2403 ut
1106 2360 1195 2419 ipse
1226 2358 1483 2400 instrumen-

148 2447 230 2481 tum
266 2439 447 2482 oratoris
481 2449 731 2498 exponeret,
764 2439 842 2481 tibi
881 2439 970 2497 ejus
1006 2438 1324 2481 distinctionem
1355 2443 1483 2491 atque

150 2527 340 2560 ornatum
363 2516 721 2575 relinqueret?——
736 2518 816 2560 Hic
837 2516 925 2570 ille,
949 2518 1162 2572 Primum,
1183 2516 1277 2574 quis
1296 2511 1483 2556 Antonio

153 2597 355 2653 peunisit,
386 2597 544 2655 inquit,
574 2605 618 2639 ut
644 2606 687 2638 et
712 2605 855 2655 partes
881 2595 1058 2650 faceret,
1088 2605 1151 2650 et,
1176 2604 1313 2636 utram
1336 2588 1484 2643 vellet,
