1843 3166
719 200 860 236 LIBER
898 202 945 236 11.
1442 218 1506 240 121

148 283 356 326 sermonis
399 282 463 325 vel
495 284 672 342 scripti,
705 300 838 342 quum
870 283 1030 328 idcirco
1063 285 1224 345 aliquid
1255 288 1510 349 ambigitur,

148 362 262 421 qnod
279 372 352 406 aut
368 363 543 406 verbum
562 397 572 418 ,
599 372 669 406 aut
689 363 818 407 verba
834 365 920 407 sint
942 368 1239 425 praetermissa.

213 446 374 487 Iterum
401 452 545 486 autem
578 454 783 503 peccant,
826 461 961 504 quum
990 463 1124 507 genus
1150 447 1233 491 hoc
1258 464 1483 493 causarum
1501 484 1512 506 ‚

147 524 267 583 quod
283 525 326 566 in
348 524 496 583 scripti
514 524 872 584 interpretatione
887 536 1097 582 versatur,
1116 527 1169 570 ab
1189 526 1272 571 illis
1287 530 1445 585 causis,
1471 531 1513 573 in

151 605 331 665 quibus,
353 603 492 664 qualis
515 620 698 665 quaeque
724 621 790 649 res
815 606 898 661 sit,
932 606 1213 668 disceptatur,
1251 609 1484 671 sejungunt
1506 629 1514 654 ι

153 699 367 744 nusquam
391 684 506 727 enim
533 692 621 726 tam
648 686 872 744 quaeritur,
890 684 1018 745 quale
1033 687 1087 730 sit
1107 704 1241 748 genus
1268 689 1408 749 ipsum
1433 691 1515 745 rei,

151 764 337 824 quamin
356 763 537 822 scripto,
563 762 681 822 quod
706 773 846 807 totum
867 781 890 808 a
914 764 1014 809 faeti
1038 768 1334 812 controversia
1351 784 1518 829 separa-

151 855 244 888 tnm
268 854 343 887 est.

214 928 279 969 Ita
313 926 394 969 tria
425 935 525 969 sunt
547 927 728 970 omnino
755 943 938 988 genera,
966 944 1059 988 quae
1089 930 1132 973 in
1161 929 1516 990 disceptationem

152 1016 195 1050 et
210 1008 552 1051 controversiam
570 1007 723 1052 eadere
746 1019 928 1069 possunt
947 1026 956 1052 ε
984 1009 1088 1069 quid
1112 1009 1211 1066 fiat,
1238 1010 1396 1054 factum
1414 1046 1425 1068 ‚
1454 1011 1518 1055 fu-

153 1097 355 1131 turumve
369 1089 447 1139 sit3
472 1098 548 1131 aut
565 1087 691 1148 quale
706 1090 783 1143 sit,
805 1099 877 1132 aut
895 1089 1114 1149 quomodo
1133 1091 1391 1134 nominetur.
1408 1092 1516 1136 Nam

154 1177 195 1211 et
214 1167 320 1210 illud
340 1167 534 1227 quidem,
559 1168 675 1228 quod
691 1168 868 1227 qnidam
882 1170 1024 1213 Graeci
1050 1169 1320 1229 adjungunt,
1348 1180 1512 1213 rectene

154 1248 318 1292 sactum
341 1250 420 1304 sit,
447 1257 586 1291 totum
613 1249 656 1291 in
681 1264 732 1291 eo
761 1259 849 1303 est,
877 1265 991 1309 quo,
1016 1248 1143 1309 quale
1171 1251 1245 1306 sit,
1274 1250 1517 1310 quaerimus.

217 1330 401 1372 XXVII.
441 1328 524 1372 Sed
543 1329 634 1388 jam
655 1328 709 1372 ad
724 1329 972 1373 institutum
990 1340 1184 1374 revertar
1199 1347 1354 1374 meum.
1371 1331 1520 1386 Quum

156 1409 302 1468 igitur,
335 1417 512 1469 accepto
538 1425 676 1452 eausae
708 1425 865 1469 genere
896 1419 939 1452 et
972 1411 1147 1471 cognito
1167 1445 1177 1465 ‚
1214 1427 1304 1454 rem
1337 1420 1521 1454 tractare

155 1490 293 1549 coepi,
323 1488 430 1532 nihil
462 1490 582 1550 prius
608 1490 849 1547 constituo7
877 1506 1029 1550 quam,
1058 1491 1162 1551 quid
1196 1492 1251 1535 sit
1274 1490 1408 1548 illud,
1434 1508 1522 1551 quo

156 1569 261 1612 mihi
298 1569 522 1613 referenda
553 1571 608 1613 sit
638 1571 778 1613 omnis
808 1568 880 1614 illa
921 1572 1090 1627 oratio,
1129 1572 1223 1631 qiiae
1257 1573 1312 1615 sit
1347 1573 1522 1632 propria

158 1650 405 1709 quaestionis
425 1659 464 1692 et
485 1649 654 1709 judicii.
680 1649 850 1693 Deinde
878 1648 951 1693 illa
971 1649 1058 1694 duo
1081 1650 1406 1712 diligentissime
1423 1670 1524 1697 con-

159 1728 320 1785 sidero,
336 1745 525 1789 quorum
539 1728 725 1772 alterum
737 1729 1160 1774 commendationem
1174 1731 1302 1775 habet
1317 1742 1522 1789 nostram,

160 1819 235 1853 aut
259 1826 437 1865 eorum,
465 1825 573 1870 quos
597 1808 893 1866 defendimus3
927 1809 1112 1854 alterum
1141 1822 1205 1855 est
1227 1813 1525 1857 accommoda-

162 1900 252 1934 tum
281 1890 334 1934 ad
353 1907 504 1934 eorum
527 1891 714 1942 animos,
739 1889 853 1950 apud
876 1906 984 1950 quos
1007 1890 1211 1947 dicimus,
1236 1892 1289 1936 ad
1318 1892 1358 1936 id
1374 1927 1385 1948 ‚
1408 1894 1523 1953 quod

161 1970 381 2027 volumus,
406 1969 754 2015 commovendos.
788 1972 854 2013 Ita
877 1971 989 2014 ratio
1016 1973 1157 2014 omnis
1187 1971 1359 2015 dicendi
1387 1974 1526 2015 tribus

162 2051 215 2094 ad
240 2050 587 2112 persuadendum
602 2052 728 2095 rebus
746 2061 809 2095 est
828 2051 928 2095 nixa
953 2068 961 2094 ε
989 2062 1036 2095 ut
1061 2052 1290 2111 probemus
1311 2068 1411 2096 vera
1438 2069 1526 2097 esse

162 2148 230 2188 ea,
257 2147 352 2192 quae
376 2130 672 2186 defendimus3
702 2142 749 2175 ut
774 2129 1054 2175 conciliemus
1083 2132 1208 2176 nobis
1231 2149 1329 2188 eos,
1357 2134 1431 2193 qui
1454 2150 1527 2177 au-

162 2213 316 2269 diunt3
340 2222 386 2255 ut
407 2213 573 2256 animos
598 2229 747 2256 eorum
763 2247 774 2269 ,
807 2212 860 2255 ad
885 2228 1201 2272 quemeumque
1229 2229 1356 2258 causa
1382 2224 1530 2274 postu-

166 2293 272 2338 labit
297 2305 466 2339 motum
482 2330 494 2349 ‚
526 2310 740 2339 vocemus.

229 2376 296 2421 Ad
322 2374 599 2437 probandum
625 2385 767 2419 autem
793 2374 953 2435 duplex
976 2385 1040 2419 est
1052 2378 1213 2419 oratori
1236 2376 1430 2436 subjecta
1443 2393 1530 2419 ma-

166 2459 293 2502 teries
326 2475 334 2500 :
379 2472 463 2500 una
499 2471 645 2500 rerum
678 2471 852 2510 earum,
892 2471 986 2514 quae
1020 2471 1104 2498 non
1146 2457 1449 2515 excogitantur
1477 2456 1529 2499 ab

168 2548 338 2582 oratore
353 2571 364 2592 ,
390 2536 463 2580 sed
487 2537 531 2578 in
556 2551 602 2578 re
620 2536 790 2595 positae,
816 2536 982 2578 ratione
1000 2544 1262 2590 tractantur3
1284 2544 1331 2577 ut
1351 2533 1505 2577 tabulae
1520 2570 1530 2587 ‚

171 2618 438 2672 testimonia,
457 2625 601 2676 pacta,
626 2623 838 2658 conventa
855 2648 865 2667 ‚
890 2616 1165 2673 quaestiones⁷
1192 2614 1324 2675 leges,
1346 2623 1533 2659 senatus-
