1843 3166
626 236 1018 270 ADNOTATIONES.
1419 237 1490 273 325

145 319 234 356 test,
264 312 355 359 quin
382 312 566 359 loquatur.
598 314 643 345 At
661 311 825 348 homines
847 312 952 346 faceti
973 312 1070 346 idem
1096 311 1140 346 de
1173 312 1357 348 dicacibus
1387 327 1496 349 usur-

146 386 234 419 pare
264 373 454 416 solebant,
487 378 521 406 et
557 371 661 406 aliter
689 385 835 407 versum
863 371 1106 418 interpretari.
1134 373 1191 407 Ab
1223 374 1349 408 eadem
1373 382 1496 410 mente

145 433 284 468 Ennius
305 433 415 468 docta
427 432 524 467 dicta
543 431 739 477 appellavit
759 445 767 466 :
788 433 927 468 «Haud
947 432 1064 467 doctis
1084 431 1189 467 dictis
1214 440 1412 478 certantes,
1432 435 1496 470 sed

144 493 362 537 maledictis;
376 509 391 525 »
409 499 445 528 et
469 492 650 535 Catullus,
672 504 732 536 XI,
764 492 808 528 15
840 506 848 528 :
870 509 884 523 «
905 495 1023 528 Pauca
1040 492 1212 527 nunciate
1234 506 1322 528 meae
1343 496 1493 541 puellae,

145 565 222 587 non
234 554 334 588 bona
353 553 466 596 dicta,
480 568 494 583 υ
515 564 630 598 quum
650 553 809 600 scripsit,
827 553 1020 589 maledicta
1030 551 1256 601 significavit.
1277 555 1372 588 Sunt
1390 556 1498 590 etiam

146 613 214 647 alia
227 611 490 661 significatione
511 612 624 657 dicta,
644 612 871 658 dicacitates,
885 621 921 648 et
939 614 1053 648 verba
1071 614 1172 648 salsa.
1191 615 1357 659 Plautus,
1373 613 1474 661 Cape.
1486 642 1496 657 ‚

148 685 217 716 111,
246 686 260 707 1
276 700 285 716 ,
311 672 357 707 23
379 685 387 706 :
406 687 424 704 c<
444 672 538 707 Dico
558 685 673 707 unum
697 673 897 709 ridiculum
918 673 1056 708 dictum
1075 672 1121 708 de
1141 673 1246 709 dictis
1265 674 1499 719 melioribus,

147 733 212 779 qui
241 731 430 781 (Gronov.
462 732 605 781 quibus)
637 735 801 769 solebam
830 735 1070 769 menstruales
1104 735 1230 780 epulas
1265 740 1347 768 ante
1375 733 1497 781 adipi-

146 793 248 828 scier.
263 809 278 824 »
300 794 345 828 In
365 805 475 840 quem
494 806 640 828 sensum
663 795 772 829 faceti
789 795 974 839 homines,
996 801 1039 829 ut
1065 793 1164 839 dixi,
1188 806 1334 829 versum
1359 795 1498 830 Ennia-

145 866 233 888 num
260 853 500 900 accipiebant.
523 855 644 889 Tmm.

199 915 283 949 Cap.
311 915 388 949 LV.
414 915 518 948 Duos
542 916 692 950 lectores
712 912 914 950 excitasset.
934 916 1055 961 Hujus
1078 915 1132 950 rei
1151 914 1315 949 meminit
1346 915 1475 951 Cicero
1489 942 1499 960 ‚

139 986 214 1021 pro
229 974 390 1009 Cluentio
403 1001 412 1017 ‚
435 987 465 1009 c.
486 977 664 1010 L1.—De
685 976 827 1010 colonia
841 975 1080 1018 Narbonensi,
1099 975 1137 1009 in
1155 976 1290 1018 Bruto,
1312 987 1340 1010 c.
1370 988 1469 1010 xmn
1490 989 1498 1009 :

146 1036 295 1069 Crassus
313 1034 439 1069 irrisus
456 1035 576 1069 fuerat
596 1047 616 1070 a
636 1037 688 1070 M.
709 1037 842 1079 Bruto,
867 1035 972 1082 quod
985 1035 1023 1069 in
1049 1034 1274 1071 dissuasione
1292 1036 1398 1083 legis,
1420 1048 1501 1082 quae

148 1101 276 1130 contra
297 1095 480 1130 coloniam
499 1095 778 1131 Narbonensem
801 1096 1002 1141 ferebatur,
1024 1103 1207 1142 quantum
1227 1096 1350 1143 potuit
1370 1096 1415 1131 de
1432 1108 1502 1131 au-

147 1156 316 1191 ctoritate
336 1163 481 1191 senatus
506 1156 664 1191 detraxit
684 1168 692 1190 z
718 1156 757 1190 in
776 1156 944 1191 suasione
964 1163 1086 1191 autem
1108 1157 1197 1204 legis
1222 1157 1401 1201 Serviliae,
1421 1169 1503 1203 quae

147 1223 290 1262 partem
323 1215 551 1262 judiciorum
588 1216 774 1262 equitibus
809 1217 1018 1261 auferebat,
1049 1223 1085 1252 et
1114 1217 1346 1252 senatoribus
1375 1217 1503 1260 dabat,

150 1276 299 1311 summis
325 1284 490 1312 senatum
515 1276 689 1312 laudibus
717 1277 883 1321 ornavit3
910 1289 955 1312 ex
980 1277 1116 1324 quibus
1148 1277 1341 1312 contrariis
1368 1276 1500 1324 capiti-

148 1337 218 1371 bus
238 1338 374 1373 Brutus
394 1337 512 1373 Crassi
530 1338 815 1372 inconstantiam
833 1338 955 1372 irrisit.

201 1398 389 1433 Puberem.
410 1398 509 1432 Patri
537 1411 619 1433 cum
638 1396 715 1432 filio
734 1399 875 1444 pubere
894 1398 932 1432 in
958 1398 1098 1433 balneis
1115 1398 1229 1432 lavari
1253 1409 1331 1432 non
1349 1396 1505 1437 licebat3

150 1470 218 1492 nec
238 1470 368 1493 socero
388 1471 471 1493 cum
491 1470 639 1506 genero.
660 1457 806 1502 Cicero,
826 1459 874 1491 de
897 1457 1060 1502 Officic'S,
1084 1470 1118 1501 1,
1142 1455 1186 1493 15
1213 1469 1221 1491 ε
1243 1458 1410 1492 «Nostro
1425 1456 1507 1503 qui-

151 1518 234 1552 dem
261 1530 364 1552 more
388 1531 471 1552 cum
489 1518 702 1564 parentibus
728 1518 889 1564 puberes
907 1515 991 1562 filii,
1009 1530 1093 1552 cum
1117 1517 1252 1552 soceris
1280 1515 1405 1564 generi
1430 1528 1507 1550 non

148 1577 327 1613 lavantur.
344 1594 358 1609 »
377 1579 498 1613 Tuan.

202 1639 324 1673 sunia.
345 1638 487 1684 Popilia
502 1637 665 1672 omnium
689 1636 808 1683 prima
827 1638 952 1671 Romae
970 1637 1009 1671 in
1022 1637 1149 1672 funere
1168 1636 1419 1671 laudationem
1432 1635 1505 1669 ob-

149 1699 277 1742 tinuit,
303 1711 419 1745 quum
438 1704 520 1732 ante
546 1697 737 1732 honoratis
764 1703 906 1731 tantum
924 1697 1013 1732 viris
1032 1709 1074 1732 ea
1097 1697 1332 1731 tribueretur.
1359 1697 1414 1730 Ac
1444 1694 1507 1730 Ci-

153 1758 278 1794 ceroni
304 1758 492 1804 displicet,
519 1757 583 1792 lib.
615 1770 645 1791 11
675 1758 722 1790 de
748 1758 880 1804 Legg.,
901 1769 979 1803 cap.
1005 1762 1074 1800 24,
1096 1756 1258 1791 laudatio
1288 1755 1509 1798 mulierum;

153 1831 269 1865 quum
294 1818 410 1866 legem
437 1824 579 1852 tantum
602 1817 648 1851 de
672 1816 760 1851 viris
777 1817 872 1851 hanc
900 1817 1037 1852 sanciat
1063 1829 1071 1850 :
1099 1817 1426 1858 «Honoratorum,
1445 1814 1506 1848 in-

153 1879 254 1926 quit,
272 1878 437 1913 virorum
457 1877 583 1913 laudes
602 1878 640 1911 in
664 1877 842 1911 concione
863 1884 1157 1912 memorantur.»
1176 1879 1398 1922 Quanquam
1418 1875 1509 1909 Plu-

153 1940 301 1974 tarchus
324 1939 400 1984 jam
428 1938 514 1973 inde
541 1950 659 1985 usque
686 1950 707 1972 a
733 1937 876 1972 Camilli
906 1945 1008 1972 aetate
1034 1937 1196 1972 honestis
1220 1936 1398 1971 matronis
1431 1947 1508 1970 eam

154 2000 243 2034 dicit
269 1999 378 2034 fuisse
409 1998 585 2032 tributam
614 1998 663 2032 ob
685 1998 859 2032 collatum
878 2004 1181 2033 ornamentorum
1201 2008 1353 2032 suorum
1377 2007 1509 2030 aurum

155 2061 195 2095 in
224 2059 406 2107 Apollinis
437 2065 637 2103 crateram3
658 2071 774 2105 quum
799 2058 925 2094 Livius
955 2066 1080 2093 tamen
1110 2058 1264 2101 scribat,
1297 2062 1439 2091 tantum
1458 2055 1511 2090 eis

157 2133 391 2165 concessum,
419 2126 485 2165 ut,
516 2132 705 2154 sacrorum
727 2126 763 2154 et
781 2119 958 2154 ludorum
977 2131 1104 2163 causa,
1133 2118 1282 2165 pilentis
1307 2116 1510 2163 carpentis-

157 2194 230 2229 que
249 2188 453 2216 uterentur.
482 2181 609 2215 Paullo
640 2186 727 2226 post
751 2179 950 2226 Popiliam,
980 2179 1080 2214 idem
1113 2179 1235 2213 honos
1266 2185 1318 2213 est
1350 2177 1512 2212 tributus

159 2241 297 2285 Juniae‚
323 2253 404 2288 quae
433 2253 479 2275 ex
506 2242 708 2275 Brutorum
736 2246 814 2275 erat
843 2239 986 2274 familia.
1016 2239 1128 2283 Vide,
1160 2238 1260 2286 apud
1294 2237 1513 2284 Polybium,

157 2301 348 2350 quomodo
373 2299 496 2346 fieret,
522 2300 561 2335 in
589 2301 709 2344 Foro,
726 2299 894 2334 virorum
918 2299 1114 2334 illustrium
1133 2298 1311 2334 laudatio.
1339 2298 1511 2331 Tumuzn.

211 2363 348 2398 Solium
376 2361 441 2395 tibi
465 2369 672 2408 paternum.
702 2361 746 2395 In
784 2359 1008 2406 excipiendis
1036 2360 1129 2394 rutis
1158 2366 1194 2394 et
1221 2358 1337 2401 caesis,
1368 2369 1448 2403 quae
1473 2356 1512 2389 in

158 2422 429 2469 mancipatione
448 2421 671 2468 praediorum
691 2420 811 2467 excipi
831 2421 968 2463 solent,
994 2432 1072 2454 non
1091 2419 1286 2455 retinuisse
1308 2418 1430 2452 sellam
1449 2427 1512 2462 pa-

160 2482 246 2527 tris,
278 2482 317 2516 in
352 2494 426 2529 qua
456 2482 515 2516 ille
536 2480 596 2527 jus
626 2480 851 2528 respondere
882 2480 1034 2515 solebat.
1058 2479 1129 2515 Hic
1155 2479 1250 2514 enim
1277 2478 1436 2523 recipere
1460 2480 1514 2509 est

162 2543 338 2589 excipere.
361 2542 511 2586 Cicero,
535 2543 581 2576 de
599 2542 734 2589 Legg„
761 2554 796 2585 1,
826 2541 846 2575 3
872 2553 880 2574 :
909 2540 1139 2575 «Praesertim
1162 2551 1274 2587 quum
1300 2549 1377 2571 non
1400 2547 1512 2570 recu-

163 2614 298 2648 sarem,
321 2602 536 2651 quominus,
566 2615 669 2637 more
694 2601 834 2648 patrio,
865 2601 993 2636 sedens
1023 2601 1061 2635 in
1090 2600 1204 2645 solio,
1240 2595 1513 2633 consulentibus
