<?xml version="1.0" encoding="UTF-8"?>
<!DOCTYPE html PUBLIC "-//W3C//DTD XHTML 1.0 Transitional//EN"
    "http://www.w3.org/TR/xhtml1/DTD/xhtml1-transitional.dtd">
<html xmlns="http://www.w3.org/1999/xhtml" xml:lang="en" lang="en">
 <head>
  <title>
</title>
<meta http-equiv="Content-Type" content="text/html;charset=utf-8" />
  <meta name='ocr-system' content='tesseract 3.04.00' />
  <meta name='ocr-capabilities' content='ocr_page ocr_carea ocr_par ocr_line ocrx_word'/>
</head>
<body>
  <div class='ocr_page' id='page_1' title='image "./deoratorelibritr00ciceuoft_0050.png"; bbox 0 0 1843 3166; ppageno 0'>
   <div class='ocr_carea' id='block_1_1' title="bbox 318 296 1709 2678">
    <p class='ocr_par' dir='ltr' id='par_1_1' title="bbox 318 296 1158 330">
     <span class='ocr_line' id='line_1_1' title="bbox 318 296 1158 330; baseline -0.002 0"><span class='ocrx_word' id='word_1_1' title='bbox 318 297 365 330; x_wconf 58' lang='lat'>32⁸¹·</span> <span class='ocrx_word' id='word_1_2' title='bbox 832 296 894 330; x_wconf 83' lang='lat' dir='ltr'><strong>DE</strong></span> <span class='ocrx_word' id='word_1_3' title='bbox 921 296 1122 330; x_wconf 79' lang='lat' dir='ltr'><strong>ORATOR</strong></span> <span class='ocrx_word' id='word_1_4' title='bbox 1132 296 1158 328; x_wconf 80' lang='lat' dir='ltr'>E</span> 
     </span>
    </p>

    <p class='ocr_par' dir='ltr' id='par_1_2' title="bbox 318 379 1687 1079">
     <span class='ocr_line' id='line_1_2' title="bbox 382 379 1679 439; baseline -0.002 -16"><span class='ocrx_word' id='word_1_5' title='bbox 382 381 582 423; x_wconf 85' lang='lat' dir='ltr'>XXVIII.</span> <span class='ocrx_word' id='word_1_6' title='bbox 620 379 732 423; x_wconf 85' lang='lat' dir='ltr'><strong>Illud</strong></span> <span class='ocrx_word' id='word_1_7' title='bbox 760 396 881 433; x_wconf 86' lang='lat' dir='ltr'><strong>vero,</strong></span> <span class='ocrx_word' id='word_1_8' title='bbox 907 380 1023 439; x_wconf 88' lang='lat' dir='ltr'><strong>quod</strong></span> <span class='ocrx_word' id='word_1_9' title='bbox 1049 397 1070 422; x_wconf 81' lang='lat' dir='ltr'><strong>a</strong></span> <span class='ocrx_word' id='word_1_10' title='bbox 1099 390 1138 422; x_wconf 77' lang='lat' dir='ltr'><strong>te</strong></span> <span class='ocrx_word' id='word_1_11' title='bbox 1164 379 1327 422; x_wconf 83' lang='lat' dir='ltr'><strong>dictum</strong></span> <span class='ocrx_word' id='word_1_12' title='bbox 1354 385 1438 430; x_wconf 84' lang='lat' dir='ltr'><strong>est,</strong></span> <span class='ocrx_word' id='word_1_13' title='bbox 1465 392 1557 420; x_wconf 88' lang='lat' dir='ltr'><strong>esse</strong></span> <span class='ocrx_word' id='word_1_14' title='bbox 1579 393 1679 436; x_wconf 87' lang='lat' dir='ltr'><strong>per-</strong></span> 
     </span>
     <span class='ocr_line' id='line_1_3' title="bbox 318 453 1679 518; baseline -0.004 -16"><span class='ocrx_word' id='word_1_15' title='bbox 318 458 475 513; x_wconf 85' lang='lat' dir='ltr'><strong>multa,</strong></span> <span class='ocrx_word' id='word_1_16' title='bbox 499 476 592 518; x_wconf 68' lang='lat' dir='ltr'><strong>quse</strong></span> <span class='ocrx_word' id='word_1_17' title='bbox 617 469 763 502; x_wconf 76' lang='lat' dir='ltr'><strong>orator</strong></span> <span class='ocrx_word' id='word_1_18' title='bbox 794 460 873 502; x_wconf 88' lang='lat' dir='ltr'><strong>nisi</strong></span> <span class='ocrx_word' id='word_1_19' title='bbox 908 476 931 501; x_wconf 83' lang='lat' dir='ltr'><strong>a</strong></span> <span class='ocrx_word' id='word_1_20' title='bbox 966 468 1118 502; x_wconf 80' lang='lat' dir='ltr'><strong>natura</strong></span> <span class='ocrx_word' id='word_1_21' title='bbox 1147 458 1343 512; x_wconf 83' lang='lat' dir='ltr'><strong>haberet,</strong></span> <span class='ocrx_word' id='word_1_22' title='bbox 1371 472 1458 498; x_wconf 91' lang='lat' dir='ltr'><strong>non</strong></span> <span class='ocrx_word' id='word_1_23' title='bbox 1489 453 1679 498; x_wconf 85' lang='lat' dir='ltr'><strong>multum</strong></span> 
     </span>
     <span class='ocr_line' id='line_1_4' title="bbox 319 536 1682 599; baseline -0.002 -17"><span class='ocrx_word' id='word_1_24' title='bbox 319 556 343 582; x_wconf 89' lang='lat' dir='ltr'><strong>a</strong></span> <span class='ocrx_word' id='word_1_25' title='bbox 375 540 581 599; x_wconf 83' lang='lat' dir='ltr'><strong>magistro</strong></span> <span class='ocrx_word' id='word_1_26' title='bbox 611 539 909 599; x_wconf 70' lang='lat' dir='ltr'><strong>adjuvaretur,</strong></span> <span class='ocrx_word' id='word_1_27' title='bbox 940 538 1063 581; x_wconf 75' lang='lat' dir='ltr'><strong>valde</strong></span> <span class='ocrx_word' id='word_1_28' title='bbox 1098 539 1172 580; x_wconf 88' lang='lat' dir='ltr'><strong>tibi</strong></span> <span class='ocrx_word' id='word_1_29' title='bbox 1209 538 1442 592; x_wconf 80' lang='lat' dir='ltr'><strong>assenti0r3</strong></span> <span class='ocrx_word' id='word_1_30' title='bbox 1470 536 1601 595; x_wconf 92' lang='lat' dir='ltr'><strong>inque</strong></span> <span class='ocrx_word' id='word_1_31' title='bbox 1630 552 1682 579; x_wconf 90' lang='lat' dir='ltr'><strong>eo</strong></span> 
     </span>
     <span class='ocr_line' id='line_1_5' title="bbox 320 614 1682 679; baseline -0.003 -17"><span class='ocrx_word' id='word_1_32' title='bbox 320 619 390 663; x_wconf 79' lang='lat' dir='ltr'><strong>vel</strong></span> <span class='ocrx_word' id='word_1_33' title='bbox 414 621 599 662; x_wconf 80' lang='lat' dir='ltr'><strong>maxime</strong></span> <span class='ocrx_word' id='word_1_34' title='bbox 626 620 805 679; x_wconf 75' lang='lat' dir='ltr'><strong>probavi</strong></span> <span class='ocrx_word' id='word_1_35' title='bbox 830 635 1046 661; x_wconf 89' lang='lat' dir='ltr'><strong>summum</strong></span> <span class='ocrx_word' id='word_1_36' title='bbox 1075 617 1197 660; x_wconf 88' lang='lat' dir='ltr'><strong>illum</strong></span> <span class='ocrx_word' id='word_1_37' title='bbox 1223 617 1471 672; x_wconf 84' lang='lat' dir='ltr'><strong>doctorem,</strong></span> <span class='ocrx_word' id='word_1_38' title='bbox 1492 614 1682 660; x_wconf 84' lang='lat' dir='ltr'><strong>Alaban-</strong></span> 
     </span>
     <span class='ocr_line' id='line_1_6' title="bbox 321 696 1681 758; baseline -0.003 -17"><span class='ocrx_word' id='word_1_39' title='bbox 321 699 495 742; x_wconf 87' lang='lat' dir='ltr'><strong>densem</strong></span> <span class='ocrx_word' id='word_1_40' title='bbox 519 698 821 758; x_wconf 84' lang='lat' dir='ltr'><strong>Apollonium,</strong></span> <span class='ocrx_word' id='word_1_41' title='bbox 842 700 915 758; x_wconf 88' lang='lat' dir='ltr'><strong>qui</strong></span> <span class='ocrx_word' id='word_1_42' title='bbox 940 715 1074 758; x_wconf 86' lang='lat' dir='ltr'><strong>quum</strong></span> <span class='ocrx_word' id='word_1_43' title='bbox 1098 697 1296 741; x_wconf 80' lang='lat' dir='ltr'>mercede</span> <span class='ocrx_word' id='word_1_44' title='bbox 1320 696 1516 752; x_wconf 86' lang='lat' dir='ltr'><strong>doceret,</strong></span> <span class='ocrx_word' id='word_1_45' title='bbox 1537 705 1681 739; x_wconf 86' lang='lat' dir='ltr'><strong>tamen</strong></span> 
     </span>
     <span class='ocr_line' id='line_1_7' title="bbox 325 778 1686 838; baseline -0.002 -17"><span class='ocrx_word' id='word_1_46' title='bbox 325 796 408 821; x_wconf 86' lang='lat' dir='ltr'><strong>uon</strong></span> <span class='ocrx_word' id='word_1_47' title='bbox 440 778 705 838; x_wconf 79' lang='lat' dir='ltr'><strong>patiebatur,</strong></span> <span class='ocrx_word' id='word_1_48' title='bbox 731 796 820 834; x_wconf 87' lang='lat' dir='ltr'><strong>eos,</strong></span> <span class='ocrx_word' id='word_1_49' title='bbox 846 795 954 838; x_wconf 89' lang='lat' dir='ltr'><strong>quos</strong></span> <span class='ocrx_word' id='word_1_50' title='bbox 974 778 1200 837; x_wconf 82' lang='lat' dir='ltr'><strong>judicabat</strong></span> <span class='ocrx_word' id='word_1_51' title='bbox 1223 794 1310 820; x_wconf 90' lang='lat' dir='ltr'><strong>non</strong></span> <span class='ocrx_word' id='word_1_52' title='bbox 1340 793 1465 837; x_wconf 88' lang='lat' dir='ltr'><strong>posse</strong></span> <span class='ocrx_word' id='word_1_53' title='bbox 1490 785 1686 819; x_wconf 82' lang='lat' dir='ltr'><strong>oratores</strong></span> 
     </span>
     <span class='ocr_line' id='line_1_8' title="bbox 323 857 1687 919; baseline -0.002 -18"><span class='ocrx_word' id='word_1_54' title='bbox 323 858 525 914; x_wconf 78' lang='lat' dir='ltr'><strong>evadere,</strong></span> <span class='ocrx_word' id='word_1_55' title='bbox 548 875 723 918; x_wconf 82' lang='lat' dir='ltr'><strong>operam</strong></span> <span class='ocrx_word' id='word_1_56' title='bbox 755 859 870 919; x_wconf 74' lang='lat' dir='ltr'><strong>apud</strong></span> <span class='ocrx_word' id='word_1_57' title='bbox 901 875 991 902; x_wconf 86' lang='lat' dir='ltr'><strong>sese</strong></span> <span class='ocrx_word' id='word_1_58' title='bbox 1016 857 1216 918; x_wconf 88' lang='lat' dir='ltr'><strong>perdere,</strong></span> <span class='ocrx_word' id='word_1_59' title='bbox 1247 857 1578 916; x_wconf 83' lang='lat' dir='ltr'><strong>dimittebatque</strong></span> <span class='ocrx_word' id='word_1_60' title='bbox 1608 872 1618 899; x_wconf 76' lang='grc' dir='ltr'><strong><em>ε</em></strong></span> <span class='ocrx_word' id='word_1_61' title='bbox 1644 864 1687 898; x_wconf 85' lang='lat' dir='ltr'><strong>et</strong></span> 
     </span>
     <span class='ocr_line' id='line_1_9' title="bbox 324 935 1686 999; baseline -0.003 -17"><span class='ocrx_word' id='word_1_62' title='bbox 324 939 377 982; x_wconf 84' lang='lat' dir='ltr'><strong>ad</strong></span> <span class='ocrx_word' id='word_1_63' title='bbox 406 956 535 999; x_wconf 79' lang='lat' dir='ltr'><strong>quam</strong></span> <span class='ocrx_word' id='word_1_64' title='bbox 564 955 780 998; x_wconf 85' lang='lat' dir='ltr'><strong>quemque</strong></span> <span class='ocrx_word' id='word_1_65' title='bbox 809 948 944 982; x_wconf 85' lang='lat' dir='ltr'><strong>artem</strong></span> <span class='ocrx_word' id='word_1_66' title='bbox 977 938 1159 998; x_wconf 86' lang='lat' dir='ltr'><strong>putabat</strong></span> <span class='ocrx_word' id='word_1_67' title='bbox 1187 954 1275 980; x_wconf 85' lang='lat' dir='ltr'><strong>esse</strong></span> <span class='ocrx_word' id='word_1_68' title='bbox 1306 947 1476 997; x_wconf 88' lang='lat' dir='ltr'><strong>aptum,</strong></span> <span class='ocrx_word' id='word_1_69' title='bbox 1509 935 1563 979; x_wconf 87' lang='lat' dir='ltr'><strong>ad</strong></span> <span class='ocrx_word' id='word_1_70' title='bbox 1592 951 1686 979; x_wconf 89' lang='lat' dir='ltr'><strong>eam</strong></span> 
     </span>
     <span class='ocr_line' id='line_1_10' title="bbox 325 1017 1090 1079; baseline -0.001 -17"><span class='ocrx_word' id='word_1_71' title='bbox 325 1018 544 1079; x_wconf 79' lang='lat' dir='ltr'><strong>impellere</strong></span> <span class='ocrx_word' id='word_1_72' title='bbox 570 1028 699 1078; x_wconf 84' lang='lat' dir='ltr'><strong>atquc</strong></span> <span class='ocrx_word' id='word_1_73' title='bbox 722 1019 887 1061; x_wconf 85' lang='lat' dir='ltr'><strong>hortari</strong></span> <span class='ocrx_word' id='word_1_74' title='bbox 913 1017 1090 1061; x_wconf 81' lang='lat' dir='ltr'><strong>solebat.</strong></span> 
     </span>
    </p>

    <p class='ocr_par' dir='ltr' id='par_1_3' title="bbox 325 1097 1695 1559">
     <span class='ocr_line' id='line_1_11' title="bbox 388 1097 1690 1157; baseline -0.002 -15"><span class='ocrx_word' id='word_1_75' title='bbox 388 1100 498 1142; x_wconf 85' lang='lat' dir='ltr'><strong>Satis</strong></span> <span class='ocrx_word' id='word_1_76' title='bbox 523 1109 587 1142; x_wconf 89' lang='lat' dir='ltr'><strong>est</strong></span> <span class='ocrx_word' id='word_1_77' title='bbox 614 1100 728 1141; x_wconf 89' lang='lat' dir='ltr'><strong>enim</strong></span> <span class='ocrx_word' id='word_1_78' title='bbox 761 1099 915 1141; x_wconf 87' lang='lat' dir='ltr'><strong>ceteris</strong></span> <span class='ocrx_word' id='word_1_79' title='bbox 947 1098 1140 1140; x_wconf 81' lang='lat' dir='ltr'><strong>artificiis</strong></span> <span class='ocrx_word' id='word_1_80' title='bbox 1166 1097 1474 1157; x_wconf 82' lang='lat' dir='ltr'><strong>percipiendis,</strong></span> <span class='ocrx_word' id='word_1_81' title='bbox 1499 1105 1690 1140; x_wconf 83' lang='lat' dir='ltr'><strong>tantum-</strong></span> 
     </span>
     <span class='ocr_line' id='line_1_12' title="bbox 326 1176 1691 1236; baseline -0.001 -15"><span class='ocrx_word' id='word_1_82' title='bbox 326 1179 455 1221; x_wconf 84' lang='lat' dir='ltr'><strong>modo</strong></span> <span class='ocrx_word' id='word_1_83' title='bbox 492 1177 674 1221; x_wconf 83' lang='lat' dir='ltr'><strong>similem</strong></span> <span class='ocrx_word' id='word_1_84' title='bbox 703 1194 792 1220; x_wconf 87' lang='lat' dir='ltr'><strong>esse</strong></span> <span class='ocrx_word' id='word_1_85' title='bbox 822 1178 1035 1231; x_wconf 73' lang='lat' dir='ltr'><strong>hominis,</strong></span> <span class='ocrx_word' id='word_1_86' title='bbox 1067 1186 1109 1220; x_wconf 89' lang='lat' dir='ltr'><strong>et</strong></span> <span class='ocrx_word' id='word_1_87' title='bbox 1141 1177 1205 1232; x_wconf 88' lang='lat' dir='ltr'><strong>id,</strong></span> <span class='ocrx_word' id='word_1_88' title='bbox 1240 1176 1359 1236; x_wconf 89' lang='lat' dir='ltr'><strong>quod</strong></span> <span class='ocrx_word' id='word_1_89' title='bbox 1384 1176 1600 1233; x_wconf 85' lang='lat' dir='ltr'><strong>tradatur,</strong></span> <span class='ocrx_word' id='word_1_90' title='bbox 1624 1176 1691 1220; x_wconf 86' lang='lat' dir='ltr'><strong>vel</strong></span> 
     </span>
     <span class='ocr_line' id='line_1_13' title="bbox 325 1256 1692 1317; baseline 0.001 -18"><span class='ocrx_word' id='word_1_91' title='bbox 325 1260 456 1301; x_wconf 78' lang='lat' dir='ltr'><strong>etiam</strong></span> <span class='ocrx_word' id='word_1_92' title='bbox 472 1256 735 1312; x_wconf 79' lang='lat' dir='ltr'><strong>inculcetur,</strong></span> <span class='ocrx_word' id='word_1_93' title='bbox 753 1257 786 1301; x_wconf 89' lang='lat' dir='ltr'><strong>si</strong></span> <span class='ocrx_word' id='word_1_94' title='bbox 802 1258 899 1317; x_wconf 89' lang='lat' dir='ltr'><strong>quis</strong></span> <span class='ocrx_word' id='word_1_95' title='bbox 914 1256 1025 1300; x_wconf 91' lang='lat' dir='ltr'><strong>forte</strong></span> <span class='ocrx_word' id='word_1_96' title='bbox 1044 1258 1099 1300; x_wconf 90' lang='lat' dir='ltr'><strong>sit</strong></span> <span class='ocrx_word' id='word_1_97' title='bbox 1124 1256 1308 1311; x_wconf 81' lang='lat' dir='ltr'><strong>tardior,</strong></span> <span class='ocrx_word' id='word_1_98' title='bbox 1327 1273 1452 1316; x_wconf 90' lang='lat' dir='ltr'><strong>posse</strong></span> <span class='ocrx_word' id='word_1_99' title='bbox 1469 1257 1692 1317; x_wconf 86' lang='lat' dir='ltr'><strong>percipere</strong></span> 
     </span>
     <span class='ocr_line' id='line_1_14' title="bbox 326 1335 1692 1396; baseline -0.001 -16"><span class='ocrx_word' id='word_1_100' title='bbox 326 1339 492 1393; x_wconf 83' lang='lat' dir='ltr'><strong>animo,</strong></span> <span class='ocrx_word' id='word_1_101' title='bbox 523 1348 567 1381; x_wconf 88' lang='lat' dir='ltr'><strong>et</strong></span> <span class='ocrx_word' id='word_1_102' title='bbox 592 1339 801 1381; x_wconf 87' lang='lat' dir='ltr'><strong>memoria</strong></span> <span class='ocrx_word' id='word_1_103' title='bbox 835 1337 1067 1380; x_wconf 89' lang='lat' dir='ltr'><strong>custodire.</strong></span> <span class='ocrx_word' id='word_1_104' title='bbox 1094 1337 1194 1380; x_wconf 91' lang='lat' dir='ltr'><strong>Non</strong></span> <span class='ocrx_word' id='word_1_105' title='bbox 1233 1337 1444 1396; x_wconf 83' lang='lat' dir='ltr'><strong>quaeritur</strong></span> <span class='ocrx_word' id='word_1_106' title='bbox 1474 1335 1692 1379; x_wconf 82' lang='lat' dir='ltr'><strong>mobilitas</strong></span> 
     </span>
     <span class='ocr_line' id='line_1_15' title="bbox 328 1416 1695 1478; baseline -0.001 -18"><span class='ocrx_word' id='word_1_107' title='bbox 328 1416 508 1478; x_wconf 77' lang='lat' dir='ltr'><strong>linguae,</strong></span> <span class='ocrx_word' id='word_1_108' title='bbox 535 1435 622 1461; x_wconf 89' lang='lat' dir='ltr'><strong>non</strong></span> <span class='ocrx_word' id='word_1_109' title='bbox 647 1417 841 1461; x_wconf 77' lang='lat' dir='ltr'><strong>celeritas</strong></span> <span class='ocrx_word' id='word_1_110' title='bbox 867 1417 1123 1473; x_wconf 87' lang='lat' dir='ltr'><strong>verborum,</strong></span> <span class='ocrx_word' id='word_1_111' title='bbox 1157 1433 1244 1459; x_wconf 91' lang='lat' dir='ltr'><strong>non</strong></span> <span class='ocrx_word' id='word_1_112' title='bbox 1277 1416 1466 1476; x_wconf 89' lang='lat' dir='ltr'><strong>denique</strong></span> <span class='ocrx_word' id='word_1_113' title='bbox 1498 1432 1568 1472; x_wconf 88' lang='lat' dir='ltr'><strong>ea,</strong></span> <span class='ocrx_word' id='word_1_114' title='bbox 1601 1432 1695 1476; x_wconf 85' lang='lat' dir='ltr'><strong>quae</strong></span> 
     </span>
     <span class='ocr_line' id='line_1_16' title="bbox 331 1495 1564 1559; baseline -0.002 -18"><span class='ocrx_word' id='word_1_115' title='bbox 331 1499 454 1541; x_wconf 90' lang='lat' dir='ltr'><strong>nobis</strong></span> <span class='ocrx_word' id='word_1_116' title='bbox 478 1515 565 1541; x_wconf 92' lang='lat' dir='ltr'><strong>non</strong></span> <span class='ocrx_word' id='word_1_117' title='bbox 590 1515 818 1559; x_wconf 90' lang='lat' dir='ltr'><strong>possumus</strong></span> <span class='ocrx_word' id='word_1_118' title='bbox 846 1498 1034 1558; x_wconf 86' lang='lat' dir='ltr'><strong>fingere,</strong></span> <span class='ocrx_word' id='word_1_119' title='bbox 1053 1496 1203 1553; x_wconf 88' lang='lat' dir='ltr'><strong>facies,</strong></span> <span class='ocrx_word' id='word_1_120' title='bbox 1231 1495 1397 1552; x_wconf 88' lang='lat' dir='ltr'><strong>vultus,</strong></span> <span class='ocrx_word' id='word_1_121' title='bbox 1417 1513 1564 1540; x_wconf 89' lang='lat' dir='ltr'><strong>sonus.</strong></span> 
     </span>
    </p>

    <p class='ocr_par' dir='ltr' id='par_1_4' title="bbox 330 1576 1702 2199">
     <span class='ocr_line' id='line_1_17' title="bbox 393 1576 1696 1632; baseline -0.001 -12"><span class='ocrx_word' id='word_1_122' title='bbox 393 1580 443 1621; x_wconf 91' lang='lat' dir='ltr'><strong>In</strong></span> <span class='ocrx_word' id='word_1_123' title='bbox 480 1587 652 1622; x_wconf 86' lang='lat' dir='ltr'><strong>oratore</strong></span> <span class='ocrx_word' id='word_1_124' title='bbox 687 1588 834 1622; x_wconf 86' lang='lat' dir='ltr'><strong>autem</strong></span> <span class='ocrx_word' id='word_1_125' title='bbox 865 1595 1048 1621; x_wconf 83' lang='lat' dir='ltr'><strong>acumen</strong></span> <span class='ocrx_word' id='word_1_126' title='bbox 1087 1576 1434 1632; x_wconf 85' lang='lat' dir='ltr'><strong>dialecticorum,</strong></span> <span class='ocrx_word' id='word_1_127' title='bbox 1471 1576 1696 1620; x_wconf 84' lang='lat' dir='ltr'><strong>sententiae</strong></span> 
     </span>
     <span class='ocr_line' id='line_1_18' title="bbox 330 1656 1698 1719; baseline -0.001 -18"><span class='ocrx_word' id='word_1_128' title='bbox 330 1657 714 1719; x_wconf 87' lang='lat' dir='ltr'><strong>philosophorum,</strong></span> <span class='ocrx_word' id='word_1_129' title='bbox 744 1659 874 1702; x_wconf 82' lang='lat' dir='ltr'><strong>verba</strong></span> <span class='ocrx_word' id='word_1_130' title='bbox 901 1675 1038 1719; x_wconf 88' lang='lat' dir='ltr'><strong>prope</strong></span> <span class='ocrx_word' id='word_1_131' title='bbox 1063 1667 1291 1717; x_wconf 85' lang='lat' dir='ltr'><strong>poetarum</strong></span> <span class='ocrx_word' id='word_1_132' title='bbox 1306 1691 1317 1711; x_wconf 89' lang='lat'><strong>,</strong></span> <span class='ocrx_word' id='word_1_133' title='bbox 1338 1657 1548 1700; x_wconf 90' lang='lat' dir='ltr'><strong>memoria</strong></span> <span class='ocrx_word' id='word_1_134' title='bbox 1566 1656 1698 1717; x_wconf 87' lang='lat' dir='ltr'><strong>juris-</strong></span> 
     </span>
     <span class='ocr_line' id='line_1_19' title="bbox 330 1738 1698 1799; baseline -0.001 -17"><span class='ocrx_word' id='word_1_135' title='bbox 330 1738 630 1783; x_wconf 87' lang='lat' dir='ltr'><strong>consultorum</strong></span> <span class='ocrx_word' id='word_1_136' title='bbox 644 1774 655 1793; x_wconf 93' lang='lat'><strong>,</strong></span> <span class='ocrx_word' id='word_1_137' title='bbox 678 1756 760 1783; x_wconf 84' lang='lat' dir='ltr'><strong>vox</strong></span> <span class='ocrx_word' id='word_1_138' title='bbox 781 1738 1098 1799; x_wconf 83' lang='lat' dir='ltr'><strong>tragoedorum,</strong></span> <span class='ocrx_word' id='word_1_139' title='bbox 1121 1747 1268 1798; x_wconf 85' lang='lat' dir='ltr'><strong>gestus</strong></span> <span class='ocrx_word' id='word_1_140' title='bbox 1287 1754 1406 1797; x_wconf 86' lang='lat' dir='ltr'><strong>paene</strong></span> <span class='ocrx_word' id='word_1_141' title='bbox 1427 1753 1698 1781; x_wconf 91' lang='lat' dir='ltr'><strong>summorum</strong></span> 
     </span>
     <span class='ocr_line' id='line_1_20' title="bbox 330 1816 1699 1879; baseline -0.002 -16"><span class='ocrx_word' id='word_1_142' title='bbox 330 1830 530 1864; x_wconf 84' lang='lat' dir='ltr'><strong>actorum</strong></span> <span class='ocrx_word' id='word_1_143' title='bbox 553 1830 616 1863; x_wconf 87' lang='lat' dir='ltr'><strong>est</strong></span> <span class='ocrx_word' id='word_1_144' title='bbox 639 1819 938 1879; x_wconf 89' lang='lat' dir='ltr'><strong>requirendus.</strong></span> <span class='ocrx_word' id='word_1_145' title='bbox 958 1818 1259 1876; x_wconf 87' lang='lat' dir='ltr'><strong>Quamobrem</strong></span> <span class='ocrx_word' id='word_1_146' title='bbox 1280 1816 1389 1861; x_wconf 89' lang='lat' dir='ltr'><strong>nihil</strong></span> <span class='ocrx_word' id='word_1_147' title='bbox 1409 1818 1453 1860; x_wconf 88' lang='lat' dir='ltr'><strong>in</strong></span> <span class='ocrx_word' id='word_1_148' title='bbox 1471 1817 1699 1860; x_wconf 88' lang='lat' dir='ltr'><strong>hominum</strong></span> 
     </span>
     <span class='ocr_line' id='line_1_21' title="bbox 331 1897 1699 1959; baseline -0.003 -16"><span class='ocrx_word' id='word_1_149' title='bbox 331 1916 487 1959; x_wconf 78' lang='lat' dir='ltr'><strong>genere</strong></span> <span class='ocrx_word' id='word_1_150' title='bbox 509 1900 648 1943; x_wconf 85' lang='lat' dir='ltr'><strong>rarius</strong></span> <span class='ocrx_word' id='word_1_151' title='bbox 667 1899 859 1959; x_wconf 88' lang='lat' dir='ltr'><strong>perfecto</strong></span> <span class='ocrx_word' id='word_1_152' title='bbox 877 1908 1051 1942; x_wconf 83' lang='lat' dir='ltr'><strong>oratore</strong></span> <span class='ocrx_word' id='word_1_153' title='bbox 1070 1898 1257 1941; x_wconf 87' lang='lat' dir='ltr'><strong>inveniri</strong></span> <span class='ocrx_word' id='word_1_154' title='bbox 1278 1907 1430 1957; x_wconf 89' lang='lat' dir='ltr'><strong>potest.</strong></span> <span class='ocrx_word' id='word_1_155' title='bbox 1452 1897 1563 1953; x_wconf 85' lang='lat' dir='ltr'><strong>Quae</strong></span> <span class='ocrx_word' id='word_1_156' title='bbox 1583 1897 1699 1940; x_wconf 89' lang='lat' dir='ltr'><strong>enim</strong></span> 
     </span>
     <span class='ocr_line' id='line_1_22' title="bbox 332 1975 1700 2039; baseline -0.002 -17"><span class='ocrx_word' id='word_1_157' title='bbox 332 1979 601 2039; x_wconf 80' lang='lat' dir='ltr'><strong>singularum</strong></span> <span class='ocrx_word' id='word_1_158' title='bbox 625 1996 772 2022; x_wconf 78' lang='lat' dir='ltr'><strong>rerum</strong></span> <span class='ocrx_word' id='word_1_159' title='bbox 797 1978 984 2022; x_wconf 84' lang='lat' dir='ltr'><strong>artifices</strong></span> <span class='ocrx_word' id='word_1_160' title='bbox 1003 1977 1175 2039; x_wconf 84' lang='lat' dir='ltr'><strong>singula</strong></span> <span class='ocrx_word' id='word_1_161' title='bbox 1198 1978 1230 2020; x_wconf 92' lang='lat' dir='ltr'><strong>si</strong></span> <span class='ocrx_word' id='word_1_162' title='bbox 1256 1976 1536 2020; x_wconf 85' lang='lat' dir='ltr'><strong>mediocriter</strong></span> <span class='ocrx_word' id='word_1_163' title='bbox 1553 1975 1700 2036; x_wconf 84' lang='lat' dir='ltr'><strong>adepti</strong></span> 
     </span>
     <span class='ocr_line' id='line_1_23' title="bbox 331 2057 1702 2119; baseline -0.002 -17"><span class='ocrx_word' id='word_1_164' title='bbox 331 2069 451 2115; x_wconf 88' lang='lat' dir='ltr'><strong>sunt,</strong></span> <span class='ocrx_word' id='word_1_165' title='bbox 474 2060 737 2119; x_wconf 85' lang='lat' dir='ltr'><strong>probantur,</strong></span> <span class='ocrx_word' id='word_1_166' title='bbox 755 2075 828 2115; x_wconf 84' lang='lat' dir='ltr'><strong>ea,</strong></span> <span class='ocrx_word' id='word_1_167' title='bbox 849 2060 929 2101; x_wconf 87' lang='lat' dir='ltr'><strong>nisi</strong></span> <span class='ocrx_word' id='word_1_168' title='bbox 955 2059 1099 2102; x_wconf 83' lang='lat' dir='ltr'><strong>omnia</strong></span> <span class='ocrx_word' id='word_1_169' title='bbox 1125 2073 1290 2101; x_wconf 81' lang='lat' dir='ltr'><strong>summa</strong></span> <span class='ocrx_word' id='word_1_170' title='bbox 1314 2066 1416 2100; x_wconf 89' lang='lat' dir='ltr'><strong>sunt</strong></span> <span class='ocrx_word' id='word_1_171' title='bbox 1439 2057 1483 2099; x_wconf 91' lang='lat' dir='ltr'><strong>in</strong></span> <span class='ocrx_word' id='word_1_172' title='bbox 1509 2066 1702 2112; x_wconf 88' lang='lat' dir='ltr'><strong>oratore,</strong></span> 
     </span>
     <span class='ocr_line' id='line_1_24' title="bbox 333 2140 840 2199; baseline -0.004 -17"><span class='ocrx_word' id='word_1_173' title='bbox 333 2140 507 2199; x_wconf 84' lang='lat' dir='ltr'><strong>probari</strong></span> <span class='ocrx_word' id='word_1_174' title='bbox 533 2156 620 2181; x_wconf 89' lang='lat' dir='ltr'><strong>non</strong></span> <span class='ocrx_word' id='word_1_175' title='bbox 645 2147 840 2198; x_wconf 90' lang='lat' dir='ltr'><strong>possunt.</strong></span> 
     </span>
    </p>

    <p class='ocr_par' dir='ltr' id='par_1_5' title="bbox 335 2216 1709 2678">
     <span class='ocr_line' id='line_1_25' title="bbox 395 2216 1705 2277; baseline -0.002 -16"><span class='ocrx_word' id='word_1_176' title='bbox 395 2221 507 2261; x_wconf 87' lang='lat' dir='ltr'><strong>Tum</strong></span> <span class='ocrx_word' id='word_1_177' title='bbox 525 2220 725 2273; x_wconf 86' lang='lat' dir='ltr'><strong>Crassus,</strong></span> <span class='ocrx_word' id='word_1_178' title='bbox 744 2219 875 2277; x_wconf 83' lang='lat' dir='ltr'><strong>Atqui</strong></span> <span class='ocrx_word' id='word_1_179' title='bbox 900 2216 1021 2273; x_wconf 88' lang='lat' dir='ltr'><strong>vide,</strong></span> <span class='ocrx_word' id='word_1_180' title='bbox 1048 2218 1210 2276; x_wconf 90' lang='lat' dir='ltr'><strong>inquit,</strong></span> <span class='ocrx_word' id='word_1_181' title='bbox 1229 2219 1272 2260; x_wconf 87' lang='lat' dir='ltr'><strong>in</strong></span> <span class='ocrx_word' id='word_1_182' title='bbox 1297 2217 1480 2260; x_wconf 82' lang='lat' dir='ltr'><strong>artificio</strong></span> <span class='ocrx_word' id='word_1_183' title='bbox 1498 2231 1705 2276; x_wconf 86' lang='lat' dir='ltr'><strong>perquam</strong></span> 
     </span>
     <span class='ocr_line' id='line_1_26' title="bbox 335 2296 1706 2358; baseline -0.001 -17"><span class='ocrx_word' id='word_1_184' title='bbox 335 2300 454 2341; x_wconf 88' lang='lat' dir='ltr'><strong>tenui</strong></span> <span class='ocrx_word' id='word_1_185' title='bbox 483 2308 525 2341; x_wconf 83' lang='lat' dir='ltr'><strong>et</strong></span> <span class='ocrx_word' id='word_1_186' title='bbox 549 2297 652 2354; x_wconf 83' lang='lat' dir='ltr'><strong>levi,</strong></span> <span class='ocrx_word' id='word_1_187' title='bbox 683 2307 847 2357; x_wconf 84' lang='lat' dir='ltr'><strong>quanto</strong></span> <span class='ocrx_word' id='word_1_188' title='bbox 882 2296 979 2357; x_wconf 85' lang='lat' dir='ltr'><strong>plus</strong></span> <span class='ocrx_word' id='word_1_189' title='bbox 1011 2296 1270 2340; x_wconf 86' lang='lat' dir='ltr'><strong>adhibeatur</strong></span> <span class='ocrx_word' id='word_1_190' title='bbox 1295 2296 1551 2358; x_wconf 78' lang='lat' dir='ltr'><strong>diligentiae,</strong></span> <span class='ocrx_word' id='word_1_191' title='bbox 1576 2312 1706 2356; x_wconf 88' lang='lat' dir='ltr'><strong>quam</strong></span> 
     </span>
     <span class='ocr_line' id='line_1_27' title="bbox 335 2375 1706 2437; baseline -0.001 -17"><span class='ocrx_word' id='word_1_192' title='bbox 335 2379 379 2421; x_wconf 92' lang='lat' dir='ltr'><strong>in</strong></span> <span class='ocrx_word' id='word_1_193' title='bbox 405 2378 483 2421; x_wconf 85' lang='lat' dir='ltr'><strong>hac</strong></span> <span class='ocrx_word' id='word_1_194' title='bbox 509 2395 574 2432; x_wconf 91' lang='lat' dir='ltr'><strong>re,</strong></span> <span class='ocrx_word' id='word_1_195' title='bbox 598 2395 727 2437; x_wconf 86' lang='lat' dir='ltr'><strong>quam</strong></span> <span class='ocrx_word' id='word_1_196' title='bbox 754 2387 923 2421; x_wconf 79' lang='lat' dir='ltr'><strong>constat</strong></span> <span class='ocrx_word' id='word_1_197' title='bbox 947 2394 1036 2420; x_wconf 88' lang='lat' dir='ltr'><strong>esse</strong></span> <span class='ocrx_word' id='word_1_198' title='bbox 1060 2378 1303 2420; x_wconf 85' lang='lat' dir='ltr'><strong>maximam.</strong></span> <span class='ocrx_word' id='word_1_199' title='bbox 1324 2379 1443 2437; x_wconf 87' lang='lat' dir='ltr'><strong>Saepe</strong></span> <span class='ocrx_word' id='word_1_200' title='bbox 1460 2377 1574 2420; x_wconf 92' lang='lat' dir='ltr'><strong>enim</strong></span> <span class='ocrx_word' id='word_1_201' title='bbox 1591 2375 1706 2420; x_wconf 86' lang='lat' dir='ltr'><strong>soleo</strong></span> 
     </span>
     <span class='ocr_line' id='line_1_28' title="bbox 335 2456 1708 2517; baseline -0.001 -17"><span class='ocrx_word' id='word_1_202' title='bbox 335 2458 485 2501; x_wconf 84' lang='lat' dir='ltr'><strong>audire</strong></span> <span class='ocrx_word' id='word_1_203' title='bbox 511 2458 739 2512; x_wconf 86' lang='lat' dir='ltr'><strong>Roscium,</strong></span> <span class='ocrx_word' id='word_1_204' title='bbox 766 2473 901 2516; x_wconf 89' lang='lat' dir='ltr'><strong>quum</strong></span> <span class='ocrx_word' id='word_1_205' title='bbox 928 2458 986 2500; x_wconf 90' lang='lat' dir='ltr'><strong>ita</strong></span> <span class='ocrx_word' id='word_1_206' title='bbox 1010 2456 1146 2514; x_wconf 85' lang='lat' dir='ltr'><strong>dicat,</strong></span> <span class='ocrx_word' id='word_1_207' title='bbox 1173 2474 1216 2500; x_wconf 87' lang='lat' dir='ltr'><strong>se</strong></span> <span class='ocrx_word' id='word_1_208' title='bbox 1239 2456 1382 2500; x_wconf 81' lang='lat' dir='ltr'><strong>adhuc</strong></span> <span class='ocrx_word' id='word_1_209' title='bbox 1411 2457 1598 2517; x_wconf 89' lang='lat' dir='ltr'><strong>reperire</strong></span> <span class='ocrx_word' id='word_1_210' title='bbox 1623 2456 1708 2499; x_wconf 86' lang='lat' dir='ltr'><strong>dis-</strong></span> 
     </span>
     <span class='ocr_line' id='line_1_29' title="bbox 336 2536 1706 2597; baseline -0.001 -17"><span class='ocrx_word' id='word_1_211' title='bbox 336 2536 550 2597; x_wconf 83' lang='lat' dir='ltr'><strong>cipulum,</strong></span> <span class='ocrx_word' id='word_1_212' title='bbox 587 2552 715 2596; x_wconf 90' lang='lat' dir='ltr'><strong>quem</strong></span> <span class='ocrx_word' id='word_1_213' title='bbox 751 2536 924 2596; x_wconf 89' lang='lat' dir='ltr'><strong>quidem</strong></span> <span class='ocrx_word' id='word_1_214' title='bbox 962 2537 1190 2597; x_wconf 87' lang='lat' dir='ltr'><strong>probaret,</strong></span> <span class='ocrx_word' id='word_1_215' title='bbox 1228 2538 1417 2597; x_wconf 89' lang='lat' dir='ltr'><strong>potuisse</strong></span> <span class='ocrx_word' id='word_1_216' title='bbox 1455 2537 1706 2579; x_wconf 88' lang='lat' dir='ltr'><strong>neminem:</strong></span> 
     </span>
     <span class='ocr_line' id='line_1_30' title="bbox 339 2613 1709 2678; baseline -0.001 -19"><span class='ocrx_word' id='word_1_217' title='bbox 339 2634 425 2660; x_wconf 88' lang='lat' dir='ltr'><strong>non</strong></span> <span class='ocrx_word' id='word_1_218' title='bbox 451 2634 537 2677; x_wconf 91' lang='lat' dir='ltr'><strong>quo</strong></span> <span class='ocrx_word' id='word_1_219' title='bbox 564 2634 652 2661; x_wconf 89' lang='lat' dir='ltr'><strong>non</strong></span> <span class='ocrx_word' id='word_1_220' title='bbox 677 2627 816 2660; x_wconf 87' lang='lat' dir='ltr'><strong>essent</strong></span> <span class='ocrx_word' id='word_1_221' title='bbox 841 2616 1018 2677; x_wconf 87' lang='lat' dir='ltr'><strong>quidam</strong></span> <span class='ocrx_word' id='word_1_222' title='bbox 1044 2617 1308 2678; x_wconf 81' lang='lat' dir='ltr'><strong>probabiles,</strong></span> <span class='ocrx_word' id='word_1_223' title='bbox 1334 2616 1406 2660; x_wconf 90' lang='lat' dir='ltr'><strong>sed</strong></span> <span class='ocrx_word' id='word_1_224' title='bbox 1430 2617 1551 2675; x_wconf 86' lang='lat' dir='ltr'><strong>quia,</strong></span> <span class='ocrx_word' id='word_1_225' title='bbox 1576 2616 1611 2658; x_wconf 87' lang='lat' dir='ltr'><strong>si</strong></span> <span class='ocrx_word' id='word_1_226' title='bbox 1633 2613 1709 2658; x_wconf 90' lang='lat' dir='ltr'><strong>ali-</strong></span> 
     </span>
    </p>
   </div>
   <div class='ocr_carea' id='block_1_2' title="bbox 341 2694 1710 2759">
    <p class='ocr_par' dir='ltr' id='par_1_6' title="bbox 341 2694 1710 2759">
     <span class='ocr_line' id='line_1_31' title="bbox 341 2694 1710 2759; baseline 0 -21"><span class='ocrx_word' id='word_1_227' title='bbox 341 2697 442 2755; x_wconf 77' lang='lat' dir='ltr'><strong>quid</strong></span> <span class='ocrx_word' id='word_1_228' title='bbox 468 2697 597 2741; x_wconf 89' lang='lat' dir='ltr'><strong>modo</strong></span> <span class='ocrx_word' id='word_1_229' title='bbox 616 2707 725 2741; x_wconf 85' lang='lat' dir='ltr'><strong>esset</strong></span> <span class='ocrx_word' id='word_1_230' title='bbox 749 2699 863 2753; x_wconf 90' lang='lat' dir='ltr'><strong>vitii,</strong></span> <span class='ocrx_word' id='word_1_231' title='bbox 891 2698 932 2740; x_wconf 89' lang='lat' dir='ltr'><strong>id</strong></span> <span class='ocrx_word' id='word_1_232' title='bbox 961 2698 1070 2742; x_wconf 89' lang='lat' dir='ltr'><strong>ferre</strong></span> <span class='ocrx_word' id='word_1_233' title='bbox 1095 2700 1183 2759; x_wconf 88' lang='lat' dir='ltr'><strong>ipse</strong></span> <span class='ocrx_word' id='word_1_234' title='bbox 1207 2715 1295 2741; x_wconf 88' lang='lat' dir='ltr'><strong>non</strong></span> <span class='ocrx_word' id='word_1_235' title='bbox 1320 2705 1473 2756; x_wconf 86' lang='lat' dir='ltr'><strong>posset.</strong></span> <span class='ocrx_word' id='word_1_236' title='bbox 1500 2694 1621 2741; x_wconf 88' lang='lat' dir='ltr'><strong>Nihil</strong></span> <span class='ocrx_word' id='word_1_237' title='bbox 1647 2705 1710 2739; x_wconf 86' lang='lat' dir='ltr'><strong>est</strong></span> 
     </span>
    </p>
   </div>
  </div>
 </body>
</html>
