1843 3166
344 172 414 205 ἰζἰι)
858 172 920 204 DE
949 169 1183 205 ORATORE

342 253 569 307 ‹·xrelleiis‚
606 252 888 312 quadraginta
918 270 1054 297 annos
1085 252 1253 314 praefuit
1283 253 1459 296 Athenis
1493 263 1533 295 et
1564 253 1693 297 urba—

345 333 426 384 nis,
449 331 599 375 eodem
624 342 836 391 tempore,
863 341 901 374 ct
924 331 1086 375 bellicis
1111 332 1249 376 rebus.

404 412 522 469 Quid
543 411 724 457 Critias?
739 411 841 471 qnid
864 410 1134 456 Alcibiades?
1152 412 1398 455 civitatibus
1421 411 1507 454 suis
1527 411 1698 471 quidem

344 508 430 535 non
454 492 576 545 boni,
597 491 669 535 sed
693 500 806 534 certe
838 490 953 534 docti
990 500 1119 551 atque
1145 490 1416 550 eloquentes,
1445 506 1587 534 nonne
1619 493 1699 535 So-

341 571 510 615 craticis
537 581 660 615 crant
687 571 1051 631 (lisputationibus
1076 570 1259 614 cruditi?
1281 571 1390 626 Quis
1416 572 1603 615 Dionem
1621 572 1699 631 Sy-

344 650 557 693 racusium
580 650 787 693 doctrinis
809 651 1011 693 omnibus
1032 649 1266 709 expolivit?
1293 666 1380 693 non
1403 650 1550 694 Plato?
1574 660 1703 710 atquc

341 745 437 772 eum
467 728 578 771 idem
604 727 673 771 ille
695 745 779 771 non
802 728 958 788 lingufe
981 728 1142 784 solum,
1162 745 1313 771 verum
1341 730 1470 772 etiam
1495 731 1626 774 animi
1655 747 1702 774 ac

342 809 513 851 virtutis
542 808 766 868 magister,
802 807 855 851 ad
886 807 1152 851 liberandam
1177 809 1361 868 patriam
1390 809 1582 870 impulit,
1613 811 1701 853 ins—

344 889 504 944 truxit,
529 889 722 930 armavit.
745 886 906 931 Aliisne
933 888 1065 948 igitur
1087 888 1252 931 artibus
1267 888 1383 931 hunc
1402 889 1590 931 Dionem
1614 890 1701 932 ins-

342 969 457 1011 tituit
497 967 641 1023 Plato,
676 968 769 1011 aliis
811 970 1017 1012 Isocrates
1056 967 1340 1012 clarissimum
1383 969 1524 1012 virum
1553 970 1701 1013 Timo-

340 1047 510 1102 theum,
545 1048 762 1103 Cononis,
809 1048 1152 1108 praestantissimi
1194 1048 1490 1108 imperatoris,
1539 1048 1674 1092 filium
1692 1085 1703 1104 ‚

339 1144 553 1171 summum
568 1128 709 1189 ipsum
723 1128 1048 1188 imperatorem,
1062 1128 1370 1188 hominemque
1385 1127 1705 1172 doctissimum?

339 1217 414 1250 aut
437 1206 530 1251 aliis
563 1207 859 1268 Pythagoreus
894 1207 964 1251 ille
1005 1209 1126 1268 Lysis
1152 1208 1407 1251 Thebanum
1436 1208 1701 1268 Epaminon-

339 1288 437 1331 dam
454 1321 465 1342 ,
489 1288 604 1331 haud
632 1288 719 1331 scio
745 1304 798 1331 an
828 1305 1045 1332 summum
1071 1288 1212 1331 virum
1248 1305 1384 1332 unum
1411 1289 1552 1331 omnis
1579 1291 1702 1333 Grae-

339 1366 439 1410 ciae?
466 1377 543 1409 aut
569 1368 812 1426 Xenephon
853 1367 1123 1428 Agesilaum,
1163 1378 1237 1411 aut
1269 1367 1512 1411 Philolaum
1538 1368 1704 1428 Archy-

342 1455 403 1489 tas
428 1446 714 1490 Tarentinus?
737 1457 813 1490 aut
837 1447 927 1508 ipse
968 1447 1234 1508 Pythagoras
1262 1457 1397 1490 totam
1432 1446 1550 1491 illam
1585 1458 1701 1491 vete-

339 1541 428 1568 rem
445 1525 578 1568 Italiae
601 1526 835 1580 Graeciam,
858 1543 953 1585 quae
977 1526 1193 1584 quandam
1220 1543 1376 1586 magna
1402 1528 1586 1571 vocitata
1608 1528 1705 1571 est?

342 1604 551 1663 Equidem
576 1621 663 1647 non
690 1604 890 1647 arbitror.

400 1685 583 1727 XXXV.
610 1685 679 1727 Sic
701 1684 815 1727 enim
846 1684 971 1727 video
998 1701 1127 1728 unam
1150 1684 1381 1744 quamdam
1415 1687 1610 1729 omnium
1636 1702 1702 1729 re—

339 1779 456 1818 rum,
482 1780 575 1823 quae
593 1773 731 1807 essent
752 1765 924 1809 homine
949 1765 1120 1808 erudito
1136 1765 1298 1825 dignae,
1324 1775 1452 1825 atque
1476 1782 1550 1820 eo,
1567 1767 1638 1825 qui
1659 1767 1703 1809 in

339 1841 562 1902 republica
591 1842 718 1887 vellet
747 1843 976 1901 excellere,
1007 1845 1135 1888 fuisse
1169 1844 1442 1889 doctrinam:
1471 1862 1602 1906 quam
1629 1849 1703 1906 qui

339 1923 623 1982 accepissent,
650 1924 684 1965 si
708 1923 836 1967 iidem
865 1925 1037 1985 ingenio
1064 1924 1116 1968 ad
1147 1924 1519 1985 pronuntiandum
1544 1924 1700 1969 valuis—

339 2012 452 2058 sent,
473 2013 573 2046 etse
593 2004 646 2047 ad
669 2004 901 2047 dicendum
918 2021 1115 2064 quoque,
1136 2022 1222 2049 non
1240 2015 1512 2065 repugnante
1528 2015 1702 2061 natura,

340 2081 580 2137 dedissent,
609 2082 854 2142 eloquentia
879 2085 1137 2144 praestitisse.

403 2162 554 2220 Itaque
579 2162 669 2221 ipse
692 2162 966 2219 Aristoteles,
990 2180 1124 2223 quum
1148 2164 1301 2208 florere
1320 2166 1551 2208 Isocratem
1580 2166 1703 2208 nobi-

341 2238 458 2283 litate
488 2240 800 2300 discipulorum
828 2243 1009 2297 videret,
1047 2244 1163 2303 quod
1190 2245 1279 2304 ipse
1315 2261 1411 2288 suas
1442 2244 1699 2304 disputatio-

341 2335 412 2362 nes
437 2336 460 2362 a
482 2321 620 2364 causis
645 2321 883 2366 forensibus
912 2333 953 2366 et
977 2323 1177 2367 civilibus
1205 2324 1257 2367 ad
1295 2325 1465 2368 inanem
1492 2326 1700 2368 sermonis

339 2396 595 2459 elegantiam
621 2401 926 2458 transtulisset,
953 2405 1138 2447 mutavit
1158 2414 1336 2464 repente
1362 2414 1494 2448 totam
1518 2404 1697 2448 formam

340 2494 474 2538 prope
505 2478 738 2540 disciplinae
771 2498 877 2536 suae,
904 2500 1161 2543 versumque
1192 2484 1421 2544 quemdam
1450 2483 1700 2528 Philoctetae

342 2556 484 2615 paullo
513 2576 634 2602 secus
660 2559 777 2603 dixit,
805 2560 880 2604 Ille
907 2563 1019 2605 enim
1047 2573 1203 2623 «turpe
1230 2564 1307 2607 sibi
1337 2566 1394 2607 ait
1424 2580 1512 2607 esse
1539 2573 1697 2618 tacere,
