1843 3166
634 224 1028 258 ADNOTATIONES.
1437 226 1504 270 '³07

203 302 355 335 Paulum
385 301 467 335 Ιιιιιέ
498 300 616 335 Cottce
641 300 765 334 tribuit
792 300 974 346 partium.
1004 300 1182 335 Oratores
1208 307 1243 334 et
1274 302 1421 349 patroni
1447 303 1505 337 alii

149 368 254 396 crant
279 362 482 409 primarum
503 360 662 407 partium
675 386 685 403 ,
705 359 770 406 qui
789 359 998 406 principem
1021 371 1136 394 causae
1157 360 1300 405 locum,
1321 373 1362 396 ac
1382 362 1510 397 defen-

148 423 281 467 sionis,
300 423 511 457 habebant:
532 420 597 467 qui
618 420 727 467 primi
748 420 939 465 dicebant,
953 421 1011 456 vel
1031 421 1078 455 de
1096 420 1207 456 rebus
1219 422 1433 469 praecipuis,
1451 423 1511 459 alii

146 484 408 528 secundarum,
436 483 497 517 alii
515 481 726 525 tertiarum,
751 488 820 516 etc.
842 484 978 517 Pnusr.

200 546 338 581 Pedem
367 556 511 579 nemo...
544 544 742 591 supplosit.
777 545 885 578 Valet
917 544 1023 591 pedis
1057 543 1270 589 supplosio,
1303 551 1346 578 ut
1383 546 1511 581 Cicero

147 613 294 650 monet,
316 605 355 639 in
377 604 681 639 contentionibus
701 610 766 639 aut
787 604 1008 651 incipiendis
1023 632 1032 648 ‚
1053 610 1117 638 aut
1134 603 1323 639 faciendis.
1344 604 1383 640 Si
1403 605 1512 640 suerit

146 666 322 709 crebrior,
339 665 455 712 inepti
479 665 639 700 hominis
664 672 734 708 est,
758 671 800 699 ut
827 665 938 700 docet
959 665 1105 700 Fabius.
1126 666 1259 700 Pnnsr.

197 727 282 761 CAr.
303 726 397 761 LIV.
423 726 525 771 Quas
549 727 678 761 iterum
701 726 850 773 legibus.
873 725 1020 770 Quibus
1042 725 1089 760 de
1106 737 1218 772 poena
1237 732 1458 770 statuerent,
1477 733 1512 760 et

144 787 362 822 {estimarent
382 799 494 833 quam
512 786 634 835 gravis
653 786 806 821 deberet
831 798 918 821 esse.
942 787 987 821 Id
1010 787 1106 821 enim
1123 786 1257 831 fiebat,
1278 799 1394 834 quum
1414 787 1513 822 fraus

144 848 308 895 capitalis
326 861 403 883 non
423 856 500 883 erat
514 876 523 892 ‚
545 860 609 883 sen
623 861 740 895 quum
763 847 902 882 crimen
921 848 1040 895 capite
1059 861 1136 883 non
1165 856 1243 883 erat
1261 848 1508 895 plectendlun.

146 909 325 956 Alioquin
344 910 580 958 gravioribus
600 909 742 944 delictis
756 915 833 943 erat
854 921 964 956 poena
983 910 1112 956 capitis
1133 910 1277 957 legibus
1300 910 1508 945 constituta.

143 970 202 1005 Bis
237 970 351 1018 igitur
369 970 587 1006 sententiam
615 970 782 1005 ferebant
799 970 943 1015 judices
966 984 974 1005 :
1002 972 1112 1006 semel
1141 983 1257 1018 quum
1287 971 1510 1006 damnabant

144 1043 267 1076 reum3
286 1031 420 1066 iterum
445 1044 562 1078 quum
588 1043 735 1078 poenam
757 1032 1042 1067 constituebant.
1063 1034 1197 1067 PRcs'r.

199 1093 319 1137 Quasi
340 1105 471 1140 poenoe
508 1093 718 1127 aestimau'o.
750 1093 951 1128 Lambinus
983 1094 1079 1128 delet
1107 1093 1208 1128 istud
1230 1105 1385 1140 poenoe;
1412 1099 1510 1127 recte

143 1153 313 1200 quidem,
332 1153 409 1188 haec
431 1153 528 1188 enim
555 1153 745 1188 aestimatio
765 1166 842 1188 non
861 1154 933 1188 fuit
949 1167 1103 1202 poenoe,
1128 1154 1194 1190 sed
1213 1153 1373 1198 fraudis,
1396 1153 1435 1188 id
1457 1160 1510 1188 est

143 1214 323 1259 criminis,
346 1214 393 1249 de
426 1227 503 1262 quo
534 1226 620 1249 reus
651 1214 846 1250 damnatus
875 1222 980 1250 esset.
1007 1216 1067 1251 Sic
1093 1217 1206 1263 paulo
1233 1215 1329 1250 infra
1355 1215 1510 1262 legimus

141 1288 253 1322 quam
263 1276 374 1323 quasi
381 1277 662 1311 [estimationem
670 1303 680 1320 ,
692 1283 758 1310 etc.
769 1304 778 1321 ‚
792 1277 894 1311 nulla
906 1289 1024 1323 poenae
1031 1277 1219 1312 mentione
1230 1275 1504 1322 facta.—Apud

142 1338 352 1382 Romanos,
373 1337 552 1372 aestimare
570 1337 670 1372 litem
690 1335 753 1386 (de
777 1349 854 1384 quo
882 1337 1012 1373 Cicero
1033 1337 1162 1384 saepius
1188 1335 1372 1385 loquitur)
1394 1336 1509 1384 signi-

144 1396 268 1432 ficavit
288 1405 505 1445 computare
528 1405 710 1445 quantum
733 1398 899 1444 pecuniae
923 1398 971 1441 is,
996 1400 1079 1444 qui,
1106 1399 1145 1432 in
1165 1398 1318 1444 privatis
1339 1396 1510 1443 judiciis,

141 1471 249 1494 causa
279 1459 486 1503 cecidisset,
513 1459 724 1494 adversario
745 1460 888 1493 solvere
926 1458 1098 1504 deberet3
1127 1471 1244 1506 quum
1267 1471 1380 1501 vero,
1408 1456 1507 1504 apud

143 1520 397 1564 Athenienses,
422 1532 507 1554 reus
533 1519 774 1554 damnaretur
794 1519 840 1553 de
867 1519 1021 1565 publico
1047 1519 1212 1566 quodam
1231 1518 1404 1560 crimine,
1431 1529 1509 1551 non

141 1580 308 1627 capitali,
326 1580 517 1626 judicibus
545 1580 748 1626 aliquando
774 1579 879 1613 licuit
892 1605 901 1621 ,
926 1579 1006 1613 vice
1024 1591 1163 1625 poenae,
1182 1586 1224 1613 ut
1245 1585 1398 1621 vocant,
1419 1590 1505 1612 eor—

140 1642 294 1687 poralis,
315 1643 489 1676 mulctam
507 1640 559 1675 illi
581 1640 759 1686 irrogare.
782 1639 864 1673 Hoc
885 1639 1015 1674 Cicero
1035 1646 1144 1673 vocat
1157 1639 1268 1686 quasi
1284 1638 1507 1673 aestimatio—

141 1714 234 1736 nem.
261 1704 398 1736 Ptine.

196 1763 281 1797 cip.
307 1762 402 1796 LVI.
428 1760 566 1805 Quibus
591 1759 716 1793 verbis
735 1759 886 1793 coemtio
896 1760 980 1805 fiat.
1004 1760 1172 1794 Coemtio
1193 1759 1263 1793 fuit
1281 1766 1387 1793 vetus
1412 1771 1507 1793 con-

142 1822 313 1858 trahendi
345 1820 571 1856 matrimonii
601 1819 715 1864 ritus,
746 1833 822 1866 quo
848 1820 905 1854 vir
940 1827 977 1855 et
1009 1821 1142 1855 mulier
1170 1833 1206 1855 se
1237 1820 1342 1867 quasi
1374 1827 1506 1854 mutuo

143 1883 331 1927 emebant,
356 1894 434 1917 uno
461 1892 537 1916 asse
571 1880 639 1915 sibi
662 1880 817 1915 invicem
843 1881 955 1925 dato,
983 1888 1074 1916 teste
1099 1883 1291 1925 Varrone,
1322 1887 1358 1915 et
1384 1880 1506 1915 verbis

141 1945 368 1980 solemnibus
399 1942 592 1987 adhibitis,
613 1955 695 1990 quae
713 1943 824 1988 hujus
850 1943 954 1978 modi
979 1950 1082 1978 erant
1102 1956 1109 1977 :
1130 1943 1262 1977 mulier
1288 1955 1309 1977 a
1337 1943 1420 1976 viro
1446 1941 1503 1976 in·-

141 2012 327 2053 terrogata
346 2017 354 2039 :
378 2005 487 2038 Visne
506 2002 889 2049 milzimateffamilias
908 2006 1017 2039 esse?
1039 2003 1290 2050 respondebat
1312 2003 1359 2037 Se
1383 2003 1480 2037 velle
1491 2016 1504 2044 ,·

143 2074 178 2101 et
203 2066 262 2101 ille
286 2065 444 2101 vicissim
474 2064 722 2112 interrogatus
741 2065 998 2112 stipulabatur,
1024 2077 1060 2100 se
1078 2065 1225 2099 mulieri
1252 2063 1504 2111 patremfami-

142 2127 207 2161 lias
237 2139 314 2161 esse
349 2127 453 2161 velle.
483 2127 648 2160 TALAEns.
670 2147 722 2152 -—
751 2126 919 2161 Coemtio
951 2139 1046 2160 unus
1082 2133 1160 2160 erat
1190 2138 1209 2159 e
1242 2125 1361 2159 tribus
1384 2123 1504 2158 modis

144 2188 282 2235 quibus
303 2188 340 2221 in
367 2199 517 2221 manum
539 2186 809 2222 conveniebant
832 2186 986 2222 feminae.
1015 2186 1111 2221 Vide
1136 2188 1290 2230 GAIUM,
1313 2185 1447 2220 Comm.
1470 2197 1501 2226 13

143 2252 161 2294 g
193 2248 263 2283 108
289 2254 325 2283 et
350 2260 430 2294 sqq.

199 2309 336 2354 Quibus
363 2308 485 2343 verbis
507 2316 641 2343 erctum
670 2309 758 2343 cieri
776 2316 952 2356 oporteat.
978 2309 1150 2353 Eretum,
1172 2308 1282 2343 etiam
1299 2307 1468 2342 heretum
1494 2318 1501 2339 t

143 2371 238 2405 bona
267 2370 421 2404 indivisa
434 2382 448 2411 ,-
481 2368 670 2404 hereditas
697 2381 768 2404 non
796 2369 919 2404 adhuc
948 2370 1151 2404 distributa.
1182 2370 1355 2413 Erctum,
1385 2374 1428 2402 ut
1453 2367 1499 2402 ait

144 2432 333 2475 Donatus,
355 2430 485 2465 citatus
510 2442 530 2464 a
550 2430 679 2465 Servio
700 2430 737 2464 in
755 2430 818 2464 lib.
839 2442 889 2464 111
909 2431 1082 2465 AEneidos
1093 2457 1105 2473 ‚
1125 2430 1371 2465 hereditatem
1388 2427 1502 2476 signi-

145 2490 248 2536 ficat,
273 2498 310 2526 et
328 2492 438 2525 citum
458 2490 690 2525 divisionem.
709 2491 806 2525 Vide
825 2498 952 2525 notam
976 2498 1202 2538 sequentem.

197 2553 454 2587 Herciscumloe
462 2551 644 2598 samilioe.
666 2551 898 2596 Herciscere,
918 2551 993 2586 sive
1013 2551 1206 2595 erciscere3
1223 2555 1329 2584 vetus
1342 2549 1497 2583 verbum

147 2612 253 2657 cujus
274 2620 326 2647 est
348 2613 466 2647 solum
490 2613 527 2647 in
554 2625 623 2647 usu
642 2612 888 2659 participium.
910 2612 1120 2648 Herciscere
1140 2611 1312 2646 familiam
1336 2617 1388 2645 est
1408 2621 1501 2656 pos·

1239 2692 1310 2721 20.
