<?xml version="1.0" encoding="UTF-8"?>
<!DOCTYPE html PUBLIC "-//W3C//DTD XHTML 1.0 Transitional//EN"
    "http://www.w3.org/TR/xhtml1/DTD/xhtml1-transitional.dtd">
<html xmlns="http://www.w3.org/1999/xhtml" xml:lang="en" lang="en">
 <head>
  <title>
</title>
<meta http-equiv="Content-Type" content="text/html;charset=utf-8" />
  <meta name='ocr-system' content='tesseract 3.04.00' />
  <meta name='ocr-capabilities' content='ocr_page ocr_carea ocr_par ocr_line ocrx_word'/>
</head>
<body>
  <div class='ocr_page' id='page_1' title='image "./deoratorelibritr00ciceuoft_0236.png"; bbox 0 0 1843 3166; ppageno 0'>
   <div class='ocr_carea' id='block_1_1' title="bbox 330 154 1171 193">
    <p class='ocr_par' dir='ltr' id='par_1_1' title="bbox 330 154 1171 193">
     <span class='ocr_line' id='line_1_1' title="bbox 330 154 1171 193; baseline 0.004 -8"><span class='ocrx_word' id='word_1_1' title='bbox 330 156 397 193; x_wconf 59' lang='lat'><strong>224</strong></span> <span class='ocrx_word' id='word_1_2' title='bbox 843 154 906 188; x_wconf 79' lang='lat' dir='ltr'><strong>DE</strong></span> <span class='ocrx_word' id='word_1_3' title='bbox 936 154 1171 189; x_wconf 78' lang='lat' dir='ltr'><strong>ORATORE</strong></span> 
     </span>
    </p>
   </div>
   <div class='ocr_carea' id='block_1_2' title="bbox 323 235 1692 2545">
    <p class='ocr_par' dir='ltr' id='par_1_2' title="bbox 326 235 1686 779">
     <span class='ocr_line' id='line_1_2' title="bbox 328 235 1684 299; baseline 0.003 -21"><span class='ocrx_word' id='word_1_4' title='bbox 328 252 351 278; x_wconf 90' lang='lat' dir='ltr'><strong>a</strong></span> <span class='ocrx_word' id='word_1_5' title='bbox 377 236 558 296; x_wconf 82' lang='lat' dir='ltr'><strong>negotiis</strong></span> <span class='ocrx_word' id='word_1_6' title='bbox 588 235 793 296; x_wconf 81' lang='lat' dir='ltr'><strong>publicis,</strong></span> <span class='ocrx_word' id='word_1_7' title='bbox 821 247 1025 298; x_wconf 87' lang='lat' dir='ltr'><strong>tanquam</strong></span> <span class='ocrx_word' id='word_1_8' title='bbox 1056 239 1108 282; x_wconf 84' lang='lat' dir='ltr'><strong>ab</strong></span> <span class='ocrx_word' id='word_1_9' title='bbox 1136 253 1291 299; x_wconf 86' lang='lat' dir='ltr'><strong>opere,</strong></span> <span class='ocrx_word' id='word_1_10' title='bbox 1320 246 1395 280; x_wconf 88' lang='lat' dir='ltr'><strong>aut</strong></span> <span class='ocrx_word' id='word_1_11' title='bbox 1421 238 1684 297; x_wconf 81' lang='lat' dir='ltr'>temporibus</span> 
     </span>
     <span class='ocr_line' id='line_1_3' title="bbox 329 315 1682 377; baseline 0.002 -19"><span class='ocrx_word' id='word_1_12' title='bbox 329 315 512 373; x_wconf 83' lang='lat' dir='ltr'><strong>exclusi,</strong></span> <span class='ocrx_word' id='word_1_13' title='bbox 536 326 611 360; x_wconf 88' lang='lat' dir='ltr'><strong>aut</strong></span> <span class='ocrx_word' id='word_1_14' title='bbox 636 316 857 361; x_wconf 89' lang='lat' dir='ltr'><strong>voluntate</strong></span> <span class='ocrx_word' id='word_1_15' title='bbox 870 335 946 362; x_wconf 89' lang='lat' dir='ltr'><strong>sua</strong></span> <span class='ocrx_word' id='word_1_16' title='bbox 962 318 1121 374; x_wconf 85' lang='lat' dir='ltr'><strong>feriati,</strong></span> <span class='ocrx_word' id='word_1_17' title='bbox 1145 328 1255 362; x_wconf 85' lang='lat' dir='ltr'><strong>totos</strong></span> <span class='ocrx_word' id='word_1_18' title='bbox 1276 334 1319 361; x_wconf 83' lang='lat' dir='ltr'><strong>se</strong></span> <span class='ocrx_word' id='word_1_19' title='bbox 1342 316 1414 360; x_wconf 89' lang='lat' dir='ltr'><strong>alii</strong></span> <span class='ocrx_word' id='word_1_20' title='bbox 1437 316 1491 360; x_wconf 90' lang='lat' dir='ltr'><strong>ad</strong></span> <span class='ocrx_word' id='word_1_21' title='bbox 1515 327 1682 377; x_wconf 90' lang='lat' dir='ltr'><strong>poetas,</strong></span> 
     </span>
     <span class='ocr_line' id='line_1_4' title="bbox 329 396 1682 458; baseline 0.001 -19"><span class='ocrx_word' id='word_1_22' title='bbox 329 396 397 440; x_wconf 90' lang='lat' dir='ltr'><strong>alii</strong></span> <span class='ocrx_word' id='word_1_23' title='bbox 413 396 464 440; x_wconf 87' lang='lat' dir='ltr'><strong>ad</strong></span> <span class='ocrx_word' id='word_1_24' title='bbox 482 407 740 458; x_wconf 74' lang='lat' dir='ltr'><strong>geometras,</strong></span> <span class='ocrx_word' id='word_1_25' title='bbox 762 396 833 442; x_wconf 90' lang='lat' dir='ltr'><strong>alii</strong></span> <span class='ocrx_word' id='word_1_26' title='bbox 856 398 909 442; x_wconf 88' lang='lat' dir='ltr'><strong>ad</strong></span> <span class='ocrx_word' id='word_1_27' title='bbox 930 399 1114 443; x_wconf 86' lang='lat' dir='ltr'><strong>musicos</strong></span> <span class='ocrx_word' id='word_1_28' title='bbox 1132 396 1432 449; x_wconf 86' lang='lat' dir='ltr'><strong>contulerunt,</strong></span> <span class='ocrx_word' id='word_1_29' title='bbox 1449 396 1519 440; x_wconf 90' lang='lat' dir='ltr'><strong>alii</strong></span> <span class='ocrx_word' id='word_1_30' title='bbox 1534 398 1682 451; x_wconf 89' lang='lat' dir='ltr'><strong>etiam,</strong></span> 
     </span>
     <span class='ocr_line' id='line_1_5' title="bbox 331 476 1686 539; baseline 0.001 -19"><span class='ocrx_word' id='word_1_31' title='bbox 331 487 379 521; x_wconf 88' lang='lat' dir='ltr'><strong>ut</strong></span> <span class='ocrx_word' id='word_1_32' title='bbox 414 476 646 534; x_wconf 86' lang='lat' dir='ltr'><strong>dialectici,</strong></span> <span class='ocrx_word' id='word_1_33' title='bbox 675 495 836 522; x_wconf 89' lang='lat' dir='ltr'><strong>novum</strong></span> <span class='ocrx_word' id='word_1_34' title='bbox 871 479 950 522; x_wconf 90' lang='lat' dir='ltr'><strong>sibi</strong></span> <span class='ocrx_word' id='word_1_35' title='bbox 982 480 1059 539; x_wconf 88' lang='lat' dir='ltr'><strong>ipsi</strong></span> <span class='ocrx_word' id='word_1_36' title='bbox 1085 479 1274 522; x_wconf 88' lang='lat' dir='ltr'><strong>studium</strong></span> <span class='ocrx_word' id='word_1_37' title='bbox 1301 477 1536 538; x_wconf 84' lang='lat' dir='ltr'><strong>ludumque</strong></span> <span class='ocrx_word' id='word_1_38' title='bbox 1561 492 1686 538; x_wconf 87' lang='lat' dir='ltr'><strong>pepe-</strong></span> 
     </span>
     <span class='ocr_line' id='line_1_6' title="bbox 326 560 1683 620; baseline 0.001 -19"><span class='ocrx_word' id='word_1_39' title='bbox 326 568 495 612; x_wconf 88' lang='lat' dir='ltr'><strong>rerunt,</strong></span> <span class='ocrx_word' id='word_1_40' title='bbox 524 568 652 618; x_wconf 86' lang='lat' dir='ltr'><strong>atque</strong></span> <span class='ocrx_word' id='word_1_41' title='bbox 684 560 727 601; x_wconf 89' lang='lat' dir='ltr'><strong>in</strong></span> <span class='ocrx_word' id='word_1_42' title='bbox 755 560 804 602; x_wconf 90' lang='lat' dir='ltr'><strong>iis</strong></span> <span class='ocrx_word' id='word_1_43' title='bbox 830 560 1012 616; x_wconf 88' lang='lat' dir='ltr'><strong>artibus,</strong></span> <span class='ocrx_word' id='word_1_44' title='bbox 1038 577 1131 620; x_wconf 77' lang='lat' dir='ltr'><strong>quae</strong></span> <span class='ocrx_word' id='word_1_45' title='bbox 1163 569 1342 620; x_wconf 73' lang='lat' dir='ltr'><strong>repertae</strong></span> <span class='ocrx_word' id='word_1_46' title='bbox 1365 568 1485 615; x_wconf 89' lang='lat' dir='ltr'><strong>sunt,</strong></span> <span class='ocrx_word' id='word_1_47' title='bbox 1509 567 1558 602; x_wconf 88' lang='lat' dir='ltr'><strong>ut</strong></span> <span class='ocrx_word' id='word_1_48' title='bbox 1582 575 1683 618; x_wconf 88' lang='lat' dir='ltr'><strong>pue-</strong></span> 
     </span>
     <span class='ocr_line' id='line_1_7' title="bbox 329 639 1683 701; baseline 0.001 -21"><span class='ocrx_word' id='word_1_49' title='bbox 329 654 474 680; x_wconf 88' lang='lat' dir='ltr'><strong>rorum</strong></span> <span class='ocrx_word' id='word_1_50' title='bbox 493 648 658 682; x_wconf 83' lang='lat' dir='ltr'><strong>mentes</strong></span> <span class='ocrx_word' id='word_1_51' title='bbox 681 639 735 682; x_wconf 90' lang='lat' dir='ltr'><strong>ad</strong></span> <span class='ocrx_word' id='word_1_52' title='bbox 763 640 1077 683; x_wconf 77' lang='lat' dir='ltr'><strong>humanitatem</strong></span> <span class='ocrx_word' id='word_1_53' title='bbox 1104 640 1372 701; x_wconf 82' lang='lat' dir='ltr'><strong>fingerentur</strong></span> <span class='ocrx_word' id='word_1_54' title='bbox 1395 649 1526 699; x_wconf 88' lang='lat' dir='ltr'><strong>atque</strong></span> <span class='ocrx_word' id='word_1_55' title='bbox 1549 639 1683 682; x_wconf 88' lang='lat' dir='ltr'><strong>virtu·</strong></span> 
     </span>
     <span class='ocr_line' id='line_1_8' title="bbox 328 724 1642 779; baseline 0.004 -20"><span class='ocrx_word' id='word_1_56' title='bbox 328 727 432 773; x_wconf 88' lang='lat' dir='ltr'><strong>tem,</strong></span> <span class='ocrx_word' id='word_1_57' title='bbox 455 734 582 761; x_wconf 91' lang='lat' dir='ltr'><strong>omne</strong></span> <span class='ocrx_word' id='word_1_58' title='bbox 606 728 775 778; x_wconf 88' lang='lat' dir='ltr'><strong>tempus</strong></span> <span class='ocrx_word' id='word_1_59' title='bbox 803 730 932 779; x_wconf 89' lang='lat' dir='ltr'><strong>atque</strong></span> <span class='ocrx_word' id='word_1_60' title='bbox 952 730 1096 763; x_wconf 81' lang='lat' dir='ltr'><strong>aetates</strong></span> <span class='ocrx_word' id='word_1_61' title='bbox 1122 737 1220 763; x_wconf 86' lang='lat' dir='ltr'><strong>suas</strong></span> <span class='ocrx_word' id='word_1_62' title='bbox 1245 729 1591 764; x_wconf 87' lang='lat' dir='ltr'><strong>consumserunt.</strong></span> <span class='ocrx_word' id='word_1_63' title='bbox 1635 724 1642 755; x_wconf 61' lang='grc' dir='ltr'><em>ί</em></span> 
     </span>
    </p>

    <p class='ocr_par' dir='ltr' id='par_1_3' title="bbox 323 798 1692 1983">
     <span class='ocr_line' id='line_1_9' title="bbox 388 798 1683 860; baseline 0 -19"><span class='ocrx_word' id='word_1_64' title='bbox 388 800 506 841; x_wconf 89' lang='lat' dir='ltr'><strong>XVI.</strong></span> <span class='ocrx_word' id='word_1_65' title='bbox 533 798 615 842; x_wconf 85' lang='lat' dir='ltr'><strong>Sed</strong></span> <span class='ocrx_word' id='word_1_66' title='bbox 631 799 747 859; x_wconf 91' lang='lat' dir='ltr'><strong>quod</strong></span> <span class='ocrx_word' id='word_1_67' title='bbox 770 810 893 843; x_wconf 88' lang='lat' dir='ltr'><strong>erant</strong></span> <span class='ocrx_word' id='word_1_68' title='bbox 914 798 1110 859; x_wconf 88' lang='lat' dir='ltr'><strong>quidam,</strong></span> <span class='ocrx_word' id='word_1_69' title='bbox 1135 800 1252 859; x_wconf 87' lang='lat' dir='ltr'><strong>iique</strong></span> <span class='ocrx_word' id='word_1_70' title='bbox 1269 799 1420 857; x_wconf 91' lang='lat' dir='ltr'><strong>multi,</strong></span> <span class='ocrx_word' id='word_1_71' title='bbox 1443 801 1517 860; x_wconf 91' lang='lat' dir='ltr'><strong>qui</strong></span> <span class='ocrx_word' id='word_1_72' title='bbox 1543 809 1617 844; x_wconf 88' lang='lat' dir='ltr'><strong>aut</strong></span> <span class='ocrx_word' id='word_1_73' title='bbox 1641 800 1683 842; x_wconf 92' lang='lat' dir='ltr'><strong>in</strong></span> 
     </span>
     <span class='ocr_line' id='line_1_10' title="bbox 327 878 1689 940; baseline 0.002 -19"><span class='ocrx_word' id='word_1_74' title='bbox 327 878 551 938; x_wconf 85' lang='lat' dir='ltr'><strong>republica</strong></span> <span class='ocrx_word' id='word_1_75' title='bbox 584 888 760 939; x_wconf 89' lang='lat' dir='ltr'><strong>propter</strong></span> <span class='ocrx_word' id='word_1_76' title='bbox 797 881 1054 939; x_wconf 86' lang='lat' dir='ltr'><strong>ancipitem,</strong></span> <span class='ocrx_word' id='word_1_77' title='bbox 1087 896 1181 940; x_wconf 83' lang='lat' dir='ltr'><strong>quae</strong></span> <span class='ocrx_word' id='word_1_78' title='bbox 1214 897 1300 924; x_wconf 90' lang='lat' dir='ltr'><strong>non</strong></span> <span class='ocrx_word' id='word_1_79' title='bbox 1331 890 1472 940; x_wconf 86' lang='lat' dir='ltr'><strong>potest</strong></span> <span class='ocrx_word' id='word_1_80' title='bbox 1502 897 1593 924; x_wconf 90' lang='lat' dir='ltr'><strong>esse</strong></span> <span class='ocrx_word' id='word_1_81' title='bbox 1629 897 1689 924; x_wconf 90' lang='lat' dir='ltr'><strong>se-</strong></span> 
     </span>
     <span class='ocr_line' id='line_1_11' title="bbox 323 958 1686 1021; baseline 0.001 -19"><span class='ocrx_word' id='word_1_82' title='bbox 323 959 498 1019; x_wconf 86' lang='lat' dir='ltr'><strong>juncta,</strong></span> <span class='ocrx_word' id='word_1_83' title='bbox 530 958 714 1003; x_wconf 87' lang='lat' dir='ltr'><strong>faciendi</strong></span> <span class='ocrx_word' id='word_1_84' title='bbox 750 960 1008 1020; x_wconf 85' lang='lat' dir='ltr'><strong>dicendique</strong></span> <span class='ocrx_word' id='word_1_85' title='bbox 1050 961 1329 1021; x_wconf 78' lang='lat' dir='ltr'><strong>sapientiam,</strong></span> <span class='ocrx_word' id='word_1_86' title='bbox 1373 959 1599 1016; x_wconf 87' lang='lat' dir='ltr'><strong>florerent,</strong></span> <span class='ocrx_word' id='word_1_87' title='bbox 1639 970 1686 1004; x_wconf 91' lang='lat' dir='ltr'><strong>ut</strong></span> 
     </span>
     <span class='ocr_line' id='line_1_12' title="bbox 327 1038 1688 1102; baseline 0.002 -21"><span class='ocrx_word' id='word_1_88' title='bbox 327 1038 656 1096; x_wconf 87' lang='lat' dir='ltr'><strong>Themistocles,</strong></span> <span class='ocrx_word' id='word_1_89' title='bbox 677 1049 726 1082; x_wconf 86' lang='lat' dir='ltr'><strong>ut</strong></span> <span class='ocrx_word' id='word_1_90' title='bbox 750 1038 961 1096; x_wconf 88' lang='lat' dir='ltr'><strong>Pericles,</strong></span> <span class='ocrx_word' id='word_1_91' title='bbox 984 1050 1032 1083; x_wconf 90' lang='lat' dir='ltr'><strong>ut</strong></span> <span class='ocrx_word' id='word_1_92' title='bbox 1057 1041 1370 1097; x_wconf 82' lang='lat' dir='ltr'><strong>Theramenes,</strong></span> <span class='ocrx_word' id='word_1_93' title='bbox 1391 1051 1489 1097; x_wconf 88' lang='lat' dir='ltr'><strong>aut,</strong></span> <span class='ocrx_word' id='word_1_94' title='bbox 1510 1042 1585 1102; x_wconf 88' lang='lat' dir='ltr'><strong>qui</strong></span> <span class='ocrx_word' id='word_1_95' title='bbox 1608 1041 1688 1084; x_wconf 89' lang='lat' dir='ltr'><strong>mi-</strong></span> 
     </span>
     <span class='ocr_line' id='line_1_13' title="bbox 329 1118 1690 1182; baseline 0.004 -22"><span class='ocrx_word' id='word_1_96' title='bbox 329 1134 408 1161; x_wconf 90' lang='lat' dir='ltr'><strong>nus</strong></span> <span class='ocrx_word' id='word_1_97' title='bbox 435 1118 516 1178; x_wconf 89' lang='lat' dir='ltr'><strong>ipsi</strong></span> <span class='ocrx_word' id='word_1_98' title='bbox 541 1120 584 1161; x_wconf 91' lang='lat' dir='ltr'><strong>in</strong></span> <span class='ocrx_word' id='word_1_99' title='bbox 608 1118 829 1180; x_wconf 82' lang='lat' dir='ltr'><strong>republica</strong></span> <span class='ocrx_word' id='word_1_100' title='bbox 850 1131 1141 1177; x_wconf 87' lang='lat' dir='ltr'><strong>versarentur,</strong></span> <span class='ocrx_word' id='word_1_101' title='bbox 1166 1121 1239 1164; x_wconf 84' lang='lat' dir='ltr'><strong>sed</strong></span> <span class='ocrx_word' id='word_1_102' title='bbox 1262 1121 1391 1181; x_wconf 89' lang='lat' dir='ltr'><strong>hujus</strong></span> <span class='ocrx_word' id='word_1_103' title='bbox 1417 1131 1560 1165; x_wconf 89' lang='lat' dir='ltr'><strong>tamen</strong></span> <span class='ocrx_word' id='word_1_104' title='bbox 1581 1121 1690 1182; x_wconf 88' lang='lat' dir='ltr'><strong>ejus-</strong></span> 
     </span>
     <span class='ocr_line' id='line_1_14' title="bbox 329 1197 1689 1262; baseline 0.004 -22"><span class='ocrx_word' id='word_1_105' title='bbox 329 1197 425 1240; x_wconf 89' lang='lat' dir='ltr'><strong>dem</strong></span> <span class='ocrx_word' id='word_1_106' title='bbox 457 1198 674 1259; x_wconf 83' lang='lat' dir='ltr'><strong>sapientiae</strong></span> <span class='ocrx_word' id='word_1_107' title='bbox 697 1199 896 1244; x_wconf 85' lang='lat' dir='ltr'><strong>doctores</strong></span> <span class='ocrx_word' id='word_1_108' title='bbox 922 1211 1084 1258; x_wconf 85' lang='lat' dir='ltr'><strong>essent,</strong></span> <span class='ocrx_word' id='word_1_109' title='bbox 1113 1212 1163 1245; x_wconf 90' lang='lat' dir='ltr'><strong>ut</strong></span> <span class='ocrx_word' id='word_1_110' title='bbox 1186 1202 1398 1262; x_wconf 85' lang='lat' dir='ltr'><strong>Gorgias,</strong></span> <span class='ocrx_word' id='word_1_111' title='bbox 1429 1202 1689 1262; x_wconf 86' lang='lat' dir='ltr'><strong>Thrasyma-</strong></span> 
     </span>
     <span class='ocr_line' id='line_1_15' title="bbox 329 1277 1687 1342; baseline 0.004 -22"><span class='ocrx_word' id='word_1_112' title='bbox 329 1277 460 1334; x_wconf 89' lang='lat' dir='ltr'><strong>chus,</strong></span> <span class='ocrx_word' id='word_1_113' title='bbox 482 1281 718 1323; x_wconf 88' lang='lat' dir='ltr'><strong>Isocrates:</strong></span> <span class='ocrx_word' id='word_1_114' title='bbox 745 1281 911 1324; x_wconf 88' lang='lat' dir='ltr'><strong>inventi</strong></span> <span class='ocrx_word' id='word_1_115' title='bbox 937 1292 1061 1338; x_wconf 87' lang='lat' dir='ltr'><strong>sunt,</strong></span> <span class='ocrx_word' id='word_1_116' title='bbox 1090 1283 1186 1342; x_wconf 91' lang='lat' dir='ltr'><strong>qui,</strong></span> <span class='ocrx_word' id='word_1_117' title='bbox 1217 1299 1352 1342; x_wconf 89' lang='lat' dir='ltr'><strong>quum</strong></span> <span class='ocrx_word' id='word_1_118' title='bbox 1382 1282 1463 1342; x_wconf 89' lang='lat' dir='ltr'><strong>ipsi</strong></span> <span class='ocrx_word' id='word_1_119' title='bbox 1490 1281 1687 1325; x_wconf 86' lang='lat' dir='ltr'><strong>doctrina</strong></span> 
     </span>
     <span class='ocr_line' id='line_1_16' title="bbox 329 1358 1690 1423; baseline 0.004 -24"><span class='ocrx_word' id='word_1_120' title='bbox 329 1367 372 1400; x_wconf 90' lang='lat' dir='ltr'><strong>et</strong></span> <span class='ocrx_word' id='word_1_121' title='bbox 396 1358 576 1417; x_wconf 79' lang='lat' dir='ltr'><strong>ingeniis</strong></span> <span class='ocrx_word' id='word_1_122' title='bbox 603 1359 897 1417; x_wconf 89' lang='lat' dir='ltr'><strong>abundarent,</strong></span> <span class='ocrx_word' id='word_1_123' title='bbox 931 1378 955 1404; x_wconf 93' lang='lat' dir='ltr'><strong>a</strong></span> <span class='ocrx_word' id='word_1_124' title='bbox 983 1378 1028 1404; x_wconf 88' lang='lat' dir='ltr'><strong>re</strong></span> <span class='ocrx_word' id='word_1_125' title='bbox 1055 1372 1199 1405; x_wconf 89' lang='lat' dir='ltr'><strong>autem</strong></span> <span class='ocrx_word' id='word_1_126' title='bbox 1228 1361 1343 1405; x_wconf 87' lang='lat' dir='ltr'><strong>civili</strong></span> <span class='ocrx_word' id='word_1_127' title='bbox 1368 1371 1408 1405; x_wconf 89' lang='lat' dir='ltr'><strong>et</strong></span> <span class='ocrx_word' id='word_1_128' title='bbox 1436 1378 1460 1405; x_wconf 91' lang='lat' dir='ltr'><strong>a</strong></span> <span class='ocrx_word' id='word_1_129' title='bbox 1485 1362 1690 1423; x_wconf 85' lang='lat' dir='ltr'><strong>negotiiS,</strong></span> 
     </span>
     <span class='ocr_line' id='line_1_17' title="bbox 329 1435 1687 1499; baseline 0.003 -19"><span class='ocrx_word' id='word_1_130' title='bbox 329 1435 460 1480; x_wconf 86' lang='lat' dir='ltr'><strong>animi</strong></span> <span class='ocrx_word' id='word_1_131' title='bbox 480 1439 667 1498; x_wconf 89' lang='lat' dir='ltr'><strong>quodam</strong></span> <span class='ocrx_word' id='word_1_132' title='bbox 681 1439 868 1499; x_wconf 87' lang='lat' dir='ltr'><strong>judiciO,</strong></span> <span class='ocrx_word' id='word_1_133' title='bbox 899 1441 1205 1498; x_wconf 89' lang='lat' dir='ltr'><strong>abhorrerent,</strong></span> <span class='ocrx_word' id='word_1_134' title='bbox 1231 1442 1343 1486; x_wconf 88' lang='lat' dir='ltr'><strong>hanc</strong></span> <span class='ocrx_word' id='word_1_135' title='bbox 1371 1442 1541 1485; x_wconf 89' lang='lat' dir='ltr'><strong>dicendi</strong></span> <span class='ocrx_word' id='word_1_136' title='bbox 1566 1458 1687 1484; x_wconf 84' lang='lat' dir='ltr'><strong>exer-</strong></span> 
     </span>
     <span class='ocr_line' id='line_1_18' title="bbox 329 1518 1688 1581; baseline 0.004 -22"><span class='ocrx_word' id='word_1_137' title='bbox 329 1518 575 1561; x_wconf 86' lang='lat' dir='ltr'><strong>citationem</strong></span> <span class='ocrx_word' id='word_1_138' title='bbox 621 1521 888 1579; x_wconf 82' lang='lat' dir='ltr'><strong>exagitarent</strong></span> <span class='ocrx_word' id='word_1_139' title='bbox 931 1531 1059 1580; x_wconf 91' lang='lat' dir='ltr'><strong>atque</strong></span> <span class='ocrx_word' id='word_1_140' title='bbox 1103 1531 1456 1577; x_wconf 81' lang='lat' dir='ltr'><strong>contemnerent3</strong></span> <span class='ocrx_word' id='word_1_141' title='bbox 1500 1538 1688 1581; x_wconf 85' lang='lat' dir='ltr'><strong>quorum</strong></span> 
     </span>
     <span class='ocr_line' id='line_1_19' title="bbox 331 1598 1691 1660; baseline 0.004 -20"><span class='ocrx_word' id='word_1_142' title='bbox 331 1598 528 1659; x_wconf 87' lang='lat' dir='ltr'><strong>princeps</strong></span> <span class='ocrx_word' id='word_1_143' title='bbox 550 1601 746 1644; x_wconf 87' lang='lat' dir='ltr'><strong>Socrates</strong></span> <span class='ocrx_word' id='word_1_144' title='bbox 769 1601 940 1660; x_wconf 62' lang='lat' dir='ltr'><strong>fuit,⁴&#39;xis,</strong></span> <span class='ocrx_word' id='word_1_145' title='bbox 963 1603 1037 1660; x_wconf 90' lang='lat' dir='ltr'><strong>qui</strong></span> <span class='ocrx_word' id='word_1_146' title='bbox 1060 1603 1256 1645; x_wconf 90' lang='lat' dir='ltr'><strong>omnium</strong></span> <span class='ocrx_word' id='word_1_147' title='bbox 1278 1602 1549 1646; x_wconf 90' lang='lat' dir='ltr'><strong>eruditorum</strong></span> <span class='ocrx_word' id='word_1_148' title='bbox 1577 1603 1691 1646; x_wconf 90' lang='lat' dir='ltr'><strong>testi-</strong></span> 
     </span>
     <span class='ocr_line' id='line_1_20' title="bbox 329 1679 1692 1742; baseline 0.004 -22"><span class='ocrx_word' id='word_1_149' title='bbox 329 1679 498 1735; x_wconf 89' lang='lat' dir='ltr'><strong>monio,</strong></span> <span class='ocrx_word' id='word_1_150' title='bbox 528 1680 746 1740; x_wconf 86' lang='lat' dir='ltr'><strong>totiusque</strong></span> <span class='ocrx_word' id='word_1_151' title='bbox 770 1681 933 1741; x_wconf 85' lang='lat' dir='ltr'><strong>judicio</strong></span> <span class='ocrx_word' id='word_1_152' title='bbox 961 1682 1161 1738; x_wconf 82' lang='lat' dir='ltr'><strong>Graeciae,</strong></span> <span class='ocrx_word' id='word_1_153' title='bbox 1189 1698 1324 1742; x_wconf 86' lang='lat' dir='ltr'><strong>quum</strong></span> <span class='ocrx_word' id='word_1_154' title='bbox 1359 1681 1614 1742; x_wconf 87' lang='lat' dir='ltr'><strong>prudentia,</strong></span> <span class='ocrx_word' id='word_1_155' title='bbox 1647 1691 1692 1725; x_wconf 87' lang='lat' dir='ltr'><strong>et</strong></span> 
     </span>
     <span class='ocr_line' id='line_1_21' title="bbox 330 1760 1692 1822; baseline 0.002 -20"><span class='ocrx_word' id='word_1_156' title='bbox 330 1760 528 1803; x_wconf 86' lang='lat' dir='ltr'><strong>acumine</strong></span> <span class='ocrx_word' id='word_1_157' title='bbox 543 1793 554 1815; x_wconf 94' lang='lat'><strong>,</strong></span> <span class='ocrx_word' id='word_1_158' title='bbox 580 1770 622 1804; x_wconf 94' lang='lat' dir='ltr'><strong>et</strong></span> <span class='ocrx_word' id='word_1_159' title='bbox 646 1771 892 1817; x_wconf 87' lang='lat' dir='ltr'><strong>venustate,</strong></span> <span class='ocrx_word' id='word_1_160' title='bbox 915 1771 956 1805; x_wconf 92' lang='lat' dir='ltr'><strong>et</strong></span> <span class='ocrx_word' id='word_1_161' title='bbox 976 1760 1231 1817; x_wconf 88' lang='lat' dir='ltr'><strong>subtilitate,</strong></span> <span class='ocrx_word' id='word_1_162' title='bbox 1253 1771 1343 1805; x_wconf 88' lang='lat' dir='ltr'><strong>tum</strong></span> <span class='ocrx_word' id='word_1_163' title='bbox 1360 1778 1463 1804; x_wconf 85' lang='lat' dir='ltr'><strong>vero</strong></span> <span class='ocrx_word' id='word_1_164' title='bbox 1486 1761 1692 1822; x_wconf 89' lang='lat' dir='ltr'><strong>eloquen-</strong></span> 
     </span>
     <span class='ocr_line' id='line_1_22' title="bbox 330 1840 1689 1903; baseline 0.002 -20"><span class='ocrx_word' id='word_1_165' title='bbox 330 1840 412 1895; x_wconf 89' lang='lat' dir='ltr'><strong>tia,</strong></span> <span class='ocrx_word' id='word_1_166' title='bbox 439 1841 664 1896; x_wconf 87' lang='lat' dir='ltr'><strong>varietate,</strong></span> <span class='ocrx_word' id='word_1_167' title='bbox 688 1843 830 1903; x_wconf 90' lang='lat' dir='ltr'><strong>copia,</strong></span> <span class='ocrx_word' id='word_1_168' title='bbox 852 1859 982 1902; x_wconf 88' lang='lat' dir='ltr'><strong>quam</strong></span> <span class='ocrx_word' id='word_1_169' title='bbox 1008 1859 1052 1886; x_wconf 90' lang='lat' dir='ltr'><strong>se</strong></span> <span class='ocrx_word' id='word_1_170' title='bbox 1074 1859 1259 1902; x_wconf 89' lang='lat' dir='ltr'><strong>cumque</strong></span> <span class='ocrx_word' id='word_1_171' title='bbox 1286 1843 1330 1886; x_wconf 91' lang='lat' dir='ltr'><strong>in</strong></span> <span class='ocrx_word' id='word_1_172' title='bbox 1355 1852 1525 1903; x_wconf 87' lang='lat' dir='ltr'><strong>partem</strong></span> <span class='ocrx_word' id='word_1_173' title='bbox 1548 1842 1689 1886; x_wconf 90' lang='lat' dir='ltr'><strong>dedis-</strong></span> 
     </span>
     <span class='ocr_line' id='line_1_23' title="bbox 330 1922 1125 1983; baseline 0.005 -20"><span class='ocrx_word' id='word_1_174' title='bbox 330 1930 393 1963; x_wconf 90' lang='lat' dir='ltr'><strong>set</strong></span> <span class='ocrx_word' id='word_1_175' title='bbox 408 1954 419 1974; x_wconf 90' lang='lat'><strong>,</strong></span> <span class='ocrx_word' id='word_1_176' title='bbox 444 1923 637 1965; x_wconf 89' lang='lat' dir='ltr'><strong>omnium</strong></span> <span class='ocrx_word' id='word_1_177' title='bbox 660 1922 741 1966; x_wconf 87' lang='lat' dir='ltr'><strong>fuit</strong></span> <span class='ocrx_word' id='word_1_178' title='bbox 764 1922 888 1967; x_wconf 88' lang='lat' dir='ltr'><strong>facile</strong></span> <span class='ocrx_word' id='word_1_179' title='bbox 910 1924 1125 1983; x_wconf 83' lang='lat' dir='ltr'><strong>princepS.</strong></span> 
     </span>
    </p>

    <p class='ocr_par' dir='ltr' id='par_1_4' title="bbox 331 2000 1692 2545">
     <span class='ocr_line' id='line_1_24' title="bbox 393 2000 1688 2064; baseline 0.002 -20"><span class='ocrx_word' id='word_1_180' title='bbox 393 2004 434 2045; x_wconf 91' lang='lat' dir='ltr'><strong>Is</strong></span> <span class='ocrx_word' id='word_1_181' title='bbox 457 2000 526 2057; x_wconf 89' lang='lat' dir='ltr'><strong>iis,</strong></span> <span class='ocrx_word' id='word_1_182' title='bbox 550 2003 624 2062; x_wconf 89' lang='lat' dir='ltr'><strong>qui</strong></span> <span class='ocrx_word' id='word_1_183' title='bbox 653 2003 767 2059; x_wconf 79' lang='lat' dir='ltr'><strong>haec,</strong></span> <span class='ocrx_word' id='word_1_184' title='bbox 796 2020 890 2063; x_wconf 82' lang='lat' dir='ltr'><strong>quae</strong></span> <span class='ocrx_word' id='word_1_185' title='bbox 911 2020 989 2047; x_wconf 88' lang='lat' dir='ltr'><strong>nos</strong></span> <span class='ocrx_word' id='word_1_186' title='bbox 1013 2020 1128 2048; x_wconf 88' lang='lat' dir='ltr'><strong>nunc</strong></span> <span class='ocrx_word' id='word_1_187' title='bbox 1146 2005 1400 2064; x_wconf 63' lang='lat' dir='ltr'><strong>quaerimus,</strong></span> <span class='ocrx_word' id='word_1_188' title='bbox 1428 2012 1688 2059; x_wconf 87' lang='lat' dir='ltr'><strong>tractarent,</strong></span> 
     </span>
     <span class='ocr_line' id='line_1_25' title="bbox 331 2081 1690 2144; baseline 0.002 -20"><span class='ocrx_word' id='word_1_189' title='bbox 331 2091 526 2142; x_wconf 88' lang='lat' dir='ltr'><strong>agerent,</strong></span> <span class='ocrx_word' id='word_1_190' title='bbox 537 2081 761 2134; x_wconf 82' lang='lat' dir='ltr'><strong>docerent,</strong></span> <span class='ocrx_word' id='word_1_191' title='bbox 777 2100 911 2143; x_wconf 88' lang='lat' dir='ltr'><strong>quum</strong></span> <span class='ocrx_word' id='word_1_192' title='bbox 929 2085 1104 2127; x_wconf 88' lang='lat' dir='ltr'><strong>nomine</strong></span> <span class='ocrx_word' id='word_1_193' title='bbox 1117 2083 1440 2144; x_wconf 87' lang='lat' dir='ltr'><strong>appellarentur</strong></span> <span class='ocrx_word' id='word_1_194' title='bbox 1455 2100 1556 2138; x_wconf 91' lang='lat' dir='ltr'><strong>uno,</strong></span> <span class='ocrx_word' id='word_1_195' title='bbox 1572 2083 1690 2143; x_wconf 90' lang='lat' dir='ltr'><strong>quod</strong></span> 
     </span>
     <span class='ocr_line' id='line_1_26' title="bbox 331 2162 1690 2224; baseline 0.002 -20"><span class='ocrx_word' id='word_1_196' title='bbox 331 2162 469 2204; x_wconf 88' lang='lat' dir='ltr'><strong>omnis</strong></span> <span class='ocrx_word' id='word_1_197' title='bbox 498 2178 641 2204; x_wconf 88' lang='lat' dir='ltr'><strong>rerum</strong></span> <span class='ocrx_word' id='word_1_198' title='bbox 663 2163 925 2222; x_wconf 87' lang='lat' dir='ltr'><strong>optimarum</strong></span> <span class='ocrx_word' id='word_1_199' title='bbox 945 2165 1157 2224; x_wconf 80' lang='lat' dir='ltr'><strong>cognitio,</strong></span> <span class='ocrx_word' id='word_1_200' title='bbox 1185 2174 1315 2223; x_wconf 86' lang='lat' dir='ltr'><strong>atque</strong></span> <span class='ocrx_word' id='word_1_201' title='bbox 1343 2164 1457 2207; x_wconf 90' lang='lat' dir='ltr'><strong>iniis</strong></span> <span class='ocrx_word' id='word_1_202' title='bbox 1488 2164 1690 2207; x_wconf 82' lang='lat' dir='ltr'><strong>exercita-</strong></span> 
     </span>
     <span class='ocr_line' id='line_1_27' title="bbox 332 2240 1689 2301; baseline 0.003 -18"><span class='ocrx_word' id='word_1_203' title='bbox 332 2242 411 2297; x_wconf 89' lang='lat' dir='ltr'><strong>tio,</strong></span> <span class='ocrx_word' id='word_1_204' title='bbox 431 2240 704 2301; x_wconf 90' lang='lat' dir='ltr'><strong>philosophia</strong></span> <span class='ocrx_word' id='word_1_205' title='bbox 729 2244 1041 2300; x_wconf 90' lang='lat' dir='ltr'><strong>nominaretur,</strong></span> <span class='ocrx_word' id='word_1_206' title='bbox 1066 2245 1147 2287; x_wconf 90' lang='lat' dir='ltr'><strong>hoc</strong></span> <span class='ocrx_word' id='word_1_207' title='bbox 1172 2260 1403 2288; x_wconf 89' lang='lat' dir='ltr'><strong>commune</strong></span> <span class='ocrx_word' id='word_1_208' title='bbox 1424 2261 1584 2288; x_wconf 88' lang='lat' dir='ltr'><strong>nomen</strong></span> <span class='ocrx_word' id='word_1_209' title='bbox 1604 2245 1689 2287; x_wconf 90' lang='lat' dir='ltr'><strong>eri-</strong></span> 
     </span>
     <span class='ocr_line' id='line_1_28' title="bbox 332 2321 1689 2381; baseline 0.003 -19"><span class='ocrx_word' id='word_1_210' title='bbox 332 2321 447 2379; x_wconf 91' lang='lat' dir='ltr'><strong>puit,</strong></span> <span class='ocrx_word' id='word_1_211' title='bbox 462 2321 764 2381; x_wconf 87' lang='lat' dir='ltr'><strong>sapienterque</strong></span> <span class='ocrx_word' id='word_1_212' title='bbox 787 2323 1019 2380; x_wconf 88' lang='lat' dir='ltr'><strong>sentiendi,</strong></span> <span class='ocrx_word' id='word_1_213' title='bbox 1046 2333 1088 2366; x_wconf 88' lang='lat' dir='ltr'><strong>et</strong></span> <span class='ocrx_word' id='word_1_214' title='bbox 1101 2333 1253 2367; x_wconf 91' lang='lat' dir='ltr'><strong>ornate</strong></span> <span class='ocrx_word' id='word_1_215' title='bbox 1274 2323 1444 2367; x_wconf 84' lang='lat' dir='ltr'><strong>dicendi</strong></span> <span class='ocrx_word' id='word_1_216' title='bbox 1465 2324 1689 2367; x_wconf 89' lang='lat' dir='ltr'><strong>scientiam</strong></span> 
     </span>
     <span class='ocr_line' id='line_1_29' title="bbox 331 2400 1692 2466; baseline 0.002 -21"><span class='ocrx_word' id='word_1_217' title='bbox 331 2416 379 2445; x_wconf 86' lang='lat' dir='ltr'><strong>re</strong></span> <span class='ocrx_word' id='word_1_218' title='bbox 391 2400 653 2445; x_wconf 82' lang='lat' dir='ltr'><strong>cohaerentes</strong></span> <span class='ocrx_word' id='word_1_219' title='bbox 664 2436 675 2456; x_wconf 92' lang='lat'><strong>,</strong></span> <span class='ocrx_word' id='word_1_220' title='bbox 695 2401 1061 2463; x_wconf 87' lang='lat' dir='ltr'><strong>disputationibus</strong></span> <span class='ocrx_word' id='word_1_221' title='bbox 1075 2405 1161 2448; x_wconf 88' lang='lat' dir='ltr'><strong>suis</strong></span> <span class='ocrx_word' id='word_1_222' title='bbox 1174 2406 1387 2465; x_wconf 85' lang='lat' dir='ltr'><strong>separavit</strong></span> <span class='ocrx_word' id='word_1_223' title='bbox 1403 2421 1412 2447; x_wconf 89' lang='lat'>:</span> <span class='ocrx_word' id='word_1_224' title='bbox 1434 2405 1556 2464; x_wconf 75' lang='lat' dir='ltr'><strong>cujus</strong></span> <span class='ocrx_word' id='word_1_225' title='bbox 1573 2404 1692 2466; x_wconf 85' lang='lat' dir='ltr'><strong>inge-</strong></span> 
     </span>
     <span class='ocr_line' id='line_1_30' title="bbox 332 2481 1691 2545; baseline 0.003 -22"><span class='ocrx_word' id='word_1_226' title='bbox 332 2482 453 2524; x_wconf 91' lang='lat' dir='ltr'><strong>nium</strong></span> <span class='ocrx_word' id='word_1_227' title='bbox 471 2481 696 2541; x_wconf 88' lang='lat' dir='ltr'><strong>variosque</strong></span> <span class='ocrx_word' id='word_1_228' title='bbox 711 2499 927 2528; x_wconf 89' lang='lat' dir='ltr'><strong>sermones</strong></span> <span class='ocrx_word' id='word_1_229' title='bbox 942 2484 1258 2528; x_wconf 86' lang='lat' dir='ltr'><strong>immortalitati</strong></span> <span class='ocrx_word' id='word_1_230' title='bbox 1276 2485 1446 2545; x_wconf 87' lang='lat' dir='ltr'><strong>scriptis</strong></span> <span class='ocrx_word' id='word_1_231' title='bbox 1466 2485 1553 2528; x_wconf 83' lang='lat' dir='ltr'><strong>suis</strong></span> <span class='ocrx_word' id='word_1_232' title='bbox 1569 2483 1691 2528; x_wconf 87' lang='lat' dir='ltr'><strong>Plato</strong></span> 
     </span>
    </p>
   </div>
   <div class='ocr_carea' id='block_1_3' title="bbox 333 2561 1690 2626">
    <p class='ocr_par' dir='ltr' id='par_1_5' title="bbox 333 2561 1690 2626">
     <span class='ocr_line' id='line_1_31' title="bbox 333 2561 1690 2626; baseline 0.003 -22"><span class='ocrx_word' id='word_1_233' title='bbox 333 2561 533 2619; x_wconf 89' lang='lat' dir='ltr'><strong>tradidit,</strong></span> <span class='ocrx_word' id='word_1_234' title='bbox 556 2578 692 2623; x_wconf 89' lang='lat' dir='ltr'><strong>quum</strong></span> <span class='ocrx_word' id='word_1_235' title='bbox 713 2564 803 2623; x_wconf 90' lang='lat' dir='ltr'><strong>ipse</strong></span> <span class='ocrx_word' id='word_1_236' title='bbox 827 2564 1012 2610; x_wconf 84' lang='lat' dir='ltr'><strong>litteram</strong></span> <span class='ocrx_word' id='word_1_237' title='bbox 1038 2568 1235 2610; x_wconf 89' lang='lat' dir='ltr'><strong>Socrates</strong></span> <span class='ocrx_word' id='word_1_238' title='bbox 1253 2564 1416 2609; x_wconf 87' lang='lat' dir='ltr'><strong>nullam</strong></span> <span class='ocrx_word' id='word_1_239' title='bbox 1435 2564 1690 2626; x_wconf 89' lang='lat' dir='ltr'><strong>reliquisset.</strong></span> 
     </span>
    </p>
   </div>
  </div>
 </body>
</html>
