1843 3166
351 224 425 267 344
858 222 922 256 DE
951 221 1196 256 ORATORE.

346 299 434 346 pide
472 297 673 333 cavillatur.
705 297 798 331 Sane
828 296 938 331 fuisse
965 296 1118 331 Athenis
1149 301 1284 330 certam
1311 296 1529 342 quamdam,
1553 307 1706 343 eamque

346 359 578 406 purissimam
602 357 886 405 pronuntiandae
905 357 1038 406 linguae
1058 369 1182 405 graecae
1205 356 1405 401 rationem,
1423 359 1481 392 vel
1499 358 1572 392 hoc
1590 369 1706 391 unum

346 419 485 455 indicio
506 426 576 463 est,
605 419 729 466 quod,
755 431 871 465 quum
897 418 1194 464 Theophrastus,
1220 416 1278 451 vir
1309 416 1449 463 alioqui
1477 417 1593 451 atticae
1627 417 1707 451 elo-

346 480 506 528 quentiae
527 486 758 515 consectator
777 479 973 514 acerrimus
985 507 995 523 ,
1020 478 1084 513 sed
1105 477 1341 525 peregrinus,
1367 490 1478 512 anum
1497 479 1708 524 alloquere-

344 548 419 586 tur,
445 553 515 588 pro
546 540 692 586 hospite
719 539 824 574 facile
852 540 897 574 sit
920 540 965 574 ab
990 551 1032 573 ea
1057 538 1317 585 deprehensus.
1337 538 1441 572 Idem
1464 539 1590 572 Romae
1615 535 1708 580 fuit,

347 601 452 649 quod
476 601 523 635 ad
541 600 690 634 latinam
710 600 875 647 linguam
899 599 1046 643 attinet,
1065 597 1335 644 pronuntiandi
1353 598 1593 644 principatus.
1619 599 1707 633 Pm.

405 662 448 706 Q.
482 661 666 695 Valerium
704 661 896 694 Soranum.
926 660 1035 693 Hunc
1071 658 1238 704 suspicor
1265 657 1436 692 eumdem
1469 658 1596 703 fuisse,
1623 658 1708 704 qui,

345 722 394 757 ob
437 720 647 767 evulgatum
684 731 858 754 arcanum
893 718 1022 764 patriae
1060 717 1197 752 nomen
1215 745 1227 760 ,
1270 718 1315 752 sit
1356 718 1579 753 interfectus.
1630 717 1709 752 Pli-

344 782 427 816 nius
442 809 451 826 ,
477 793 528 814 111
541 807 551 824 ,
576 792 637 825 10,
661 780 707 814 de
728 780 847 813 Roma
866 779 960 812 urbe
982 779 1140 825 loquens
1161 791 1168 811 :
1184 794 1198 810 «
1215 778 1330 823 Cujus
1349 791 1485 813 nomen
1504 778 1626 813 dicere
1645 792 1710 814 ar-

346 842 445 877 canis
476 840 761 876 cerimoniarum
790 839 891 873 nefas
927 839 1113 883 habetur3
1146 838 1361 885 optimaque
1392 846 1429 873 et
1460 839 1612 873 salutari
1637 837 1710 873 fide

345 902 526 938 abolitum
554 901 759 936 enuntiavit
789 901 910 934 Valer.
943 901 1124 944 Soranus,
1155 899 1297 946 luitque
1329 912 1417 934 mox
1450 911 1588 945 poenas.
1625 900 1712 933 Non

346 963 506 999 alienum
524 961 673 997 videtur
692 962 764 996 hoc
790 962 874 996 loco
894 960 1056 995 inserere
1076 961 1287 1006 exemplum
1313 959 1500 1008 religionis
1527 959 1688 1006 antiquae
1701 987 1711 1003 ‚

347 1025 396 1060 ob
420 1025 492 1059 hoc
510 1023 667 1058 maxime
694 1022 879 1058 silentium
904 1021 1090 1056 institutae.
1123 1022 1292 1068 Namque
1318 1021 1388 1056 dea
1409 1022 1631 1068 Angerona,
1652 1019 1712 1054 cui

346 1084 573 1120 sacrificatur
593 1098 624 1119 a.
646 1084 682 1118 d.
709 1097 766 1119 ΧΠ
784 1083 959 1118 kalendas
976 1083 1181 1129 januarias,
1203 1094 1268 1117 ore
1288 1081 1452 1129 obligato
1465 1109 1474 1126 ,
1494 1081 1711 1129 obsignato-

345 1159 440 1194 que,
459 1146 694 1181 simulacrum
719 1146 841 1180 hahet.
865 1162 878 1176 »
899 1145 1050 1180 Frustra
1072 1156 1162 1179 vero
1184 1150 1270 1178 sunt
1297 1143 1363 1190 qui
1380 1155 1517 1178 nomen
1541 1142 1634 1176 illud
1650 1154 1712 1176 ar—

347 1220 478 1243 canum
511 1206 719 1242 Valentiam
753 1206 863 1241 fuisse
893 1213 1038 1252 putant.
1070 1207 1222 1241 Constat
1257 1204 1354 1240 enim
1385 1217 1430 1239 ex
1455 1203 1584 1239 Solino
1611 1202 1713 1237 aliud

346 1281 483 1303 nomen
512 1269 645 1312 fuisse3
665 1268 767 1314 apud
798 1280 910 1314 quem
939 1266 1057 1311 idem,
1082 1266 1187 1313 quod
1218 1265 1321 1312 apud
1350 1264 1509 1300 Plinium
1536 1263 1712 1312 legimus;

346 1341 432 1363 nam
449 1336 651 1376 postquam
670 1330 829 1363 Romam
849 1334 956 1362 antea
974 1328 1183 1362 Valentiam
1203 1327 1340 1362 dictam
1358 1325 1544 1369 meminit,
1564 1323 1712 1359 subdit:

348 1405 366 1420 α
380 1388 573 1427 Traditum
605 1389 715 1422 etiam
733 1388 928 1435 proprium
953 1390 1079 1423 Romae
1098 1400 1254 1433 nomen,
1281 1394 1535 1422 verumtamen
1557 1384 1712 1420 vetitum

345 1448 540 1495 publicari.
563 1465 577 1478 »
598 1450 734 1483 PE'rAv.
1098 1438 1101 1442 s

402 1510 489 1543 Car.
529 1509 614 1542 XII.
648 1509 809 1541 Facilius
846 1507 943 1540 enim
974 1507 1143 1540 mulieres
1175 1510 1428 1553 incorruptam
1460 1507 1713 1553 antiquitatem

346 1575 565 1603 conservant.
596 1566 755 1600 Videtur
784 1567 857 1600 hoe
882 1565 1078 1611 sumpsisse
1110 1578 1154 1599 ex
1185 1567 1331 1610 Cratylo
1361 1566 1542 1610 Platonis,
1567 1566 1606 1599 in
1635 1578 1713 1612 quo

346 1627 523 1675 scriptum
544 1634 597 1662 est
622 1640 629 1661 :
651 1633 795 1676 γυναῖκες
811 1631 955 1675 μάλιστα
979 1630 1035 1666 τὴν
1062 1631 1198 1674 ἀρχαίαν
1221 1631 1323 1674 φωνὴν
1343 1630 1487 1668 σώζουσι.
1506 1627 1643 1661 URSIN.
1662 1646 1712 1650 ——

345 1690 403 1724 De
423 1687 550 1723 eadem
567 1687 677 1721 Laelia
697 1687 847 1721 consule
866 1687 1018 1719 Brutum
1031 1711 1043 1727 ,
1065 1698 1201 1720 va111.

399 1751 470 1784 Ille
482 1761 590 1796 quem
609 1748 726 1782 dixi...
748 1746 851 1781 Cotta
871 1753 1004 1780 noster.
1031 1746 1136 1780 Idem
1159 1747 1197 1784 L,
1219 1745 1327 1780 Cotta
1341 1773 1351 1790 ,
1374 1745 1479 1792 cujus
1497 1744 1713 1793 gravitatem

346 1810 499 1857 linguae,
523 1819 731 1854 sonumque
743 1806 845 1841 vocis
870 1812 1049 1854 agrestem
1069 1818 1179 1853 supra
1197 1806 1351 1841 notavit.

400 1870 486 1904 Cap.
516 1869 619 1903 XIII.
643 1868 771 1914 Neque
801 1879 887 1902 vero
911 1868 948 1901 in
973 1868 1038 1902 illo
1066 1869 1184 1901 altero
1211 1867 1357 1901 diutius.
1386 1865 1594 1901 Secundam
1619 1877 1712 1912 par-

348 1938 442 1975 tem,
463 1942 544 1977 quae
566 1936 644 1964 erat
674 1929 721 1964 de
740 1928 1005 1976 perspicuitate
1031 1928 1225 1973 orationis,
1247 1926 1402 1971 omittit,
1426 1926 1602 1973 quoniam
1628 1925 1713 1961 satis

347 2004 415 2038 per
439 2002 476 2025 se
506 1989 622 2024 facilis
653 1996 717 2024 est.
749 1988 926 2034 Quaedam
953 1988 1072 2024 tamen
1088 2016 1097 2033 ,
1124 2001 1170 2023 ex
1190 1988 1326 2035 quibus
1354 1986 1484 2022 haberi
1508 1987 1570 2021 illa
1597 1985 1713 2033 possit

348 2051 464 2086 virtus
494 2050 662 2094 dicendi,
692 2050 854 2085 breviter
889 2055 1089 2084 enumerat.
1122 2049 1217 2083 Sunt
1252 2059 1407 2083 numero
1440 2046 1578 2082 decem.
1613 2046 1714 2081 Parit

349 2112 445 2147 enim
465 2111 665 2146 dilucidam
685 2110 892 2146 orationem
911 2110 1089 2144 sermonis
1112 2109 1342 2156 proprietas,
1364 2114 1400 2143 et
1423 2107 1562 2154 puritas
1588 2106 1711 2153 latini,

350 2185 430 2220 quae
451 2179 527 2206 erat
546 2171 665 2218 prima
689 2184 786 2218 pars.
809 2172 852 2205 2⁰
872 2173 990 2205 Voces
1015 2170 1156 2205 usitatae
1170 2198 1179 2215 ,
1198 2182 1320 2217 neque
1345 2176 1408 2204 aut
1431 2175 1613 2204 vetustate
1637 2169 1710 2203 ob-

349 2234 492 2277 soletae,
513 2239 577 2267 aut
596 2232 721 2267 studio
746 2231 917 2266 novitatis
936 2232 1147 2267 insolentes.
1174 2232 1217 2267 3⁰
1239 2230 1395 2277 Proprie
1420 2243 1498 2266 rem
1518 2229 1710 2264 declaran-

350 2302 423 2339 tes,
445 2293 804 2339 accommodataeque
833 2292 960 2338 rebus,
981 2305 1073 2340 quas
1099 2291 1325 2340 significant3
1346 2304 1462 2339 quum
1480 2303 1602 2338 neque
1626 2301 1707 2324 ma—

348 2355 516 2401 jestatem
536 2365 659 2388 earum
677 2353 864 2398 minuunt,
885 2366 952 2388 nec
982 2355 1147 2389 obruunt
1174 2353 1400 2388 tenuitatem.
1428 2354 1470 2395 4⁰
1496 2350 1709 2387 Resecanda

351 2415 469 2449 omnis
487 2413 592 2449 verbi
611 2426 651 2448 ac
679 2414 854 2448 sermonis
876 2414 1108 2462 ambiguitas.
1130 2414 1172 2449 5⁰
1192 2414 1354 2449 Vitanda
1378 2412 1490 2448 nimia
1509 2411 1709 2446 verborum

352 2474 537 2518 circuitio,
557 2472 752 2520 quoniam,
773 2481 922 2509 auctore
942 2475 1039 2509 enim
1057 2475 1291 2522 Hermogene
1310 2478 1460 2524 neptem>
1482 2472 1520 2507 id
1541 2478 1593 2507 est
1607 2499 1617 2516 ‚
1630 2483 1709 2506 am-

351 2534 450 2569 bitus
481 2541 516 2568 et
551 2534 733 2580 producta
776 2535 1055 2581 comprehensio
1099 2548 1182 2569 cum
1215 2534 1477 2581 perspicuitate
1513 2538 1706 2579 repugnat.

354 2595 396 2628 60
415 2594 594 2629 Tollenda
624 2594 869 2629 similitudinis
890 2595 1103 2631 continuata
1130 2595 1338 2639 translatio,
1358 2596 1430 2629 hoc
1457 2600 1534 2638 est,
1561 2605 1606 2627 ne
1624 2603 1705 2625 me-
