1843 3166
576 243 962 276 ‚xt)N‹)'t·AT10NEs'.
1374 244 1439 284 321

99 322 313 368 quaestione‚
335 322 454 356 multis
482 320 598 354 statim
622 331 663 352 ex
685 317 912 353 senatoribus
936 318 1030 352 diem
1056 317 1239 352 dixerunt.
1263 319 1381 361 Quam
1410 328 1448 353 uti

101 382 282 417 infamiam
312 382 480 429 fugerent
493 407 502 423 ‚
523 386 653 425 sponte
674 379 783 413 urbes
803 390 940 414 cessere
965 377 1154 424 plerique,
1174 379 1342 425 interque
1362 379 1449 414 alios

102 443 270 477 Aurelius
292 445 415 487 Cotta,
436 449 469 476 et
489 452 636 474 eversor
654 439 712 472 illc
733 439 899 474 Corinthi
922 438 1130 472 Mummius.
1151 440 1250 473 Facti
1270 452 1357 473 mox
1375 452 1447 486 po-

101 502 226 547 pulum
246 502 428 549 poenituit.
443 501 605 545 Populus
625 499 721 533 enim
741 499 908 543 dolebat,
928 498 1060 532 talibus
1081 498 1188 541 viris,
1208 499 1347 545 quique
1368 506 1448 534 tan-

102 569 154 597 tas
172 575 228 598 res
247 569 416 610 egerant,
437 561 541 594 simul
571 559 741 594 omnibus
762 560 948 606 spoliatus.
972 561 1107 594 PETAv.

153 624 238 657 CAP.
265 623 331 657 ΙΙΙ.
356 622 529 655 Tenemus
553 621 649 654 enim
667 621 851 653 memoria.
874 619 1166 653 Clarissimorum
1187 618 1360 665 deinceps
1381 634 1451 654 no-

102 683 239 717 minum
257 681 516 716 atrocissimam
535 693 662 715 necem
681 680 860 726 proponit
879 692 1009 714 eorum
1030 679 1226 723 duntaxat,
1242 680 1305 725 qui
1328 681 1363 713 in
1383 682 1453 715 hoc

100 743 246 791 ‹lialogo
272 742 498 776 inducuntur
529 755 536 775 :
563 741 600 774 in
624 741 751 787 primis
781 741 918 784 Catuli,
950 741 1031 786 qui,
1058 739 1167 774 Marii
1191 739 1230 773 'm
1263 742 1452 775 consulatu

100 803 259 850 vollega,
292 802 454 837 cimbrici
486 802 661 847 triumphi
696 801 879 847 particeps
911 801 990 834 fuit.
1012 802 1056 834 In
1084 801 1143 834 illa
1172 813 1261 834 vcro
1290 802 1452 836 Mariana

99 862 263 906 flamma,
282 863 405 896 multis
431 862 684 908 nequidquam
705 868 861 896 mortem
888 861 982 895 illius
1012 861 1317 907 deprecantibus,
1338 874 1454 908 quum

99 924 170 957 hoc
189 923 307 957 solum
328 922 468 956 Marius
486 922 747 968 responderet,
765 922 998 955 moriendum
1017 921 1068 954 illi
1081 933 1178 964 esse,
1198 922 1333 954 recenti
1357 923 1453 956 calce

101 983 191 1019 illito
214 984 407 1028 multoque
434 982 509 1029 igni
530 982 775 1028 percalefacto
803 982 997 1026 cubiculo,
1026 993 1062 1015 se
1088 981 1266 1016 inclusum
1288 982 1453 1027 peremit.

101 1045 182 1079 Haec
208 1039 286 1077 val.
314 1043 515 1086 Maximus,
537 1056 596 1086 1x,
622 1055 676 1076 12.
697 1044 832 1077 Pmmv.

148 1104 234 1137 Jam
258 1104 311 1137 M.
327 1104 483 1138 Antonii
493 1104 528 1137 in
551 1104 608 1137 lzis
629 1104 718 1150 ipsis
737 1104 871 1138 rostris.
896 1105 946 1136 Μ.
970 1103 1171 1147 Antonius,
1192 1103 1274 1150 qui,
1288 1103 1455 1137 latitandi

99 1176 224 1208 causa,
244 1163 282 1197 in
310 1175 438 1211 agrum
464 1163 624 1210 fugerat,
653 1164 830 1210 cauponis
850 1163 986 1197 indicio
1014 1163 1186 1209 proditus
1206 1170 1275 1207 est,
1293 1170 1327 1197 et
1348 1176 1367 1198 a
1381 1166 1455 1197 Pu—

101 1225 176 1259 blio
190 1224 332 1268 Annio,
346 1223 498 1258 tribuno
516 1224 652 1270 plebis,
674 1225 895 1259 interfectus.
912 1225 1032 1270 Caput
1046 1225 1124 1270 ejus
1135 1224 1295 1271 primum
1310 1226 1348 1258 C.
1371 1226 1454 1258 Ma-

98 1285 142 1319 rii
163 1297 294 1319 mensae
313 1283 522 1331 appositum
544 1284 631 1330 fuit,
653 1292 688 1320 et
712 1285 845 1319 deinde
859 1285 897 1318 in
910 1284 1048 1319 rostris.

155 1345 192 1380 C.
212 1345 305 1379 Iulii
321 1353 453 1391 capu-t,
483 1345 640 1392 hospitis
663 1346 808 1379 Etrusci
829 1347 963 1379 scelere
977 1344 1181 1391 proditum.
1203 1344 1343 1378 Eodem
1362 1352 1455 1378 tem-

100 1417 208 1451 pore,
231 1405 308 1439 duo
335 1405 464 1440 fratres
490 1407 528 1440 C.
557 1412 592 1440 et
617 1407 657 1440 L.
691 1405 777 1440 Julii
804 1406 981 1449 Caesares,
1009 1405 1145 1451 Syllam
1177 1404 1311 1447 secuti,
1339 1404 1374 1437 in
1403 1404 1457 1437 via

100 1466 334 1512 deprehensi,
364 1465 610 1511 trucidantur,
641 1466 763 1513 inquit
797 1466 1001 1512 Appianas.
1032 1465 1219 1510 Fugerant
1249 1463 1286 1496 in
1323 1470 1458 1497 tectum

100 1526 254 1573 hospitis
281 1526 356 1569 sui,
381 1527 529 1560 natione
553 1528 715 1569 Etrusci,
740 1532 775 1559 ct
795 1525 828 1559 ei
854 1537 890 1559 se
915 1524 1182 1558 commiserant.
1212 1523 1361 1557 Detexit
1390 1524 1459 1557 ho-

101 1586 221 1632 spites.
243 1587 411 1629 Quorum
436 1585 555 1630 capita
582 1592 790 1630 amputata,
815 1596 832 1617 a
851 1583 972 1617 Mario
993 1583 1028 1615 in
1055 1582 1181 1616 rostris
1212 1582 1317 1615 etiam
1341 1583 1459 1627 posita

101 1646 261 1681 fuerunt.
283 1647 376 1680 Sunt
400 1645 464 1691 qui
492 1646 532 1679 L.
555 1644 730 1678 Caesarem
756 1643 856 1677 domi
887 1642 1121 1677 interfectum
1153 1642 1297 1685 ferunt,
1324 1642 1459 1688 quibus

103 1711 281 1740 consonat
298 1704 391 1738 illud
408 1706 428 1739 J
432 1704 543 1738 ustini
565 1716 572 1737 :
593 1722 606 1735 «
625 1705 742 1739 Caesar
755 1711 791 1739 et
813 1703 973 1738 Fimbria
994 1702 1029 1736 in
1049 1702 1243 1748 penatibus
1262 1702 1457 1736 domorum

103 1777 249 1799 suarum
268 1764 521 1799 trucidantur..
537 1781 551 1795 »
578 1765 709 1801 STnEss.

158 1827 281 1872 Neque
309 1826 404 1860 enim
423 1825 674 1873 propinquum
700 1838 801 1860 suum
813 1853 824 1869 ,
849 1826 1010 1860 maximi
1026 1826 1143 1859 animi
1167 1827 1294 1860 virum.
1317 1841 1328 1853 ¹«
1353 1826 1460 1859 Cras-

105 1899 183 1930 sus,
211 1885 334 1932 inquit
369 1886 582 1933 Appianus,
606 1886 914 1932 persequentibus
945 1899 1028 1920 cum
1053 1884 1131 1920 filio
1161 1898 1236 1920 sese
1264 1885 1460 1928 militibus,

106 1947 220 1981 filium
243 1946 393 1993 quidem
413 1946 582 1980 occidere
603 1946 816 1990 antevertit;
837 1947 914 1992 ipse
941 1959 1030 1981 vero
1051 1947 1097 1981 ab
1118 1946 1395 1993 insequentibus
1410 1953 1459 1979 est

107 2007 255 2043 occisus.
280 2023 295 2037 »
318 2007 475 2042 Videtur
494 2014 613 2041 tamen
641 2007 750 2041 falsus
769 2008 978 2053 Appianus,
997 2009 1053 2042 vel
1073 2008 1160 2054 quia
1185 2007 1229 2042 de
1256 2013 1357 2040 tanto
1381 2006 1460 2039 viro

108 2066 260 2101 nimium
277 2074 330 2102 est
351 2074 459 2101 atrox
480 2067 588 2111 issud3
608 2068 665 2101 vel
686 2066 772 2113 quia
797 2069 897 2102 nulla
922 2068 1034 2113 hujus
1053 2068 1105 2102 rei
1126 2080 1145 2101 a
1171 2067 1351 2102 Cicerone
1366 2065 1460 2099 facta

110 2127 245 2162 mentio
265 2134 328 2162 est.
350 2127 463 2172 Quod
482 2134 577 2162 certe
590 2155 599 2171 ,
619 2128 667 2161 ad
686 2126 895 2174 augendum
914 2135 1025 2173 mmm,
1046 2140 1122 2162 non
1144 2134 1222 2162 erat
1240 2127 1460 2167 omissurus;

108 2189 165 2223 vel
179 2187 340 2235 denique
353 2188 529 2234 quoniam
543 2188 770 2223 contrarium
782 2200 802 2222 a
814 2188 926 2223 Floro
937 2189 1108 2223 traditur.
1124 2187 1305 2234 Inprimis
1320 2200 1384 2231 111,
1401 2198 1440 2220 21
1454 2214 1461 2229 ,

110 2249 256 2288 Crassos
274 2254 415 2295 patrem
433 2255 470 2283 et
487 2247 622 2294 filium,
644 2249 682 2283 in
700 2255 830 2282 mutuo
850 2249 1005 2283 alterum
1024 2249 1171 2283 alterius
1190 2254 1339 2294 aspectu
1360 2247 1461 2280 occi-

110 2322 168 2344 sos
188 2309 248 2344 ait.
278 2309 351 2344 Sed
370 2309 467 2343 idem
486 2310 680 2356 Epitome,
701 2309 764 2343 lib.
786 2321 883 2343 Lxxx
905 2322 912 2342 :
932 2310 1100 2354 Crassus,
1125 2308 1266 2355 inquit,
1293 2306 1387 2341 filius
1416 2307 1461 2340 ab

111 2369 296 2416 equitibus
308 2369 476 2403 Fimbriae
493 2369 751 2416 interemptus,
769 2376 876 2416 pater
898 2370 1065 2413 Crassus,
1086 2382 1133 2403 ne
1158 2368 1249 2415 quid
1269 2367 1460 2414 indignum

113 2429 246 2465 virtute
271 2442 335 2464 sua
358 2436 556 2476 pateretur,
585 2430 707 2477 gladio
736 2442 772 2465 se
801 2428 992 2465 transfixit.
1021 2429 1134 2474 Quod
1156 2436 1382 2475 postremum
1411 2433 1461 2460 est

114 2490 361 2535 verisimilius,
385 2496 421 2524 et
442 2489 611 2524 Ciceroni
631 2496 927 2525 consentaneum.
950 2491 1084 2524 Pin—iv.

167 2551 292 2598 Neque
323 2552 476 2598 collegoe
515 2552 593 2593 sui,
625 2551 813 2598 pontificis
847 2551 1010 2584 maximi.
1043 2552 1087 2594 Q.
1124 2549 1267 2584 Mucius
1293 2547 1452 2582 Scaevola

116 2612 251 2659 collega
282 2612 348 2646 fuit
382 2614 420 2646 L.
452 2611 567 2646 Crassi
599 2612 632 2646 in
662 2613 869 2656 consulatu,
897 2624 925 2645 a.
953 2613 995 2646 U.
1031 2613 1068 2645 C.
1103 2611 1186 2661 ³355.
1222 2611 1256 2643 Is
1296 2607 1461 2655 pontifex
