1843 3166
673 221 817 256 LIBER
845 222 910 256 111.
1390 237 1410 260 2
1417 238 1435 270 7
1442 238 1460 271 7

181 299 314 344 Aliud
337 312 476 346 metus
496 319 505 345 :
532 301 782 360 demissum,
811 313 851 347 et
867 304 1087 360 haesitans,
1109 314 1150 348 et
1179 307 1412 367 abjectum,

169 397 288 431 Multi·
306 397 426 432 modis
445 409 524 432 sum
542 397 826 442 circumventus,
846 400 1003 443 morbo,
1027 400 1174 444 exsilio,
1194 409 1302 448 atque
1318 404 1464 451 inopia3

169 456 264 491 Tum
280 469 397 503 pavor
411 457 625 504 sapientiam
640 458 731 492 mihi
750 471 897 494 omnem
914 460 1123 495 exanimato
1139 470 1350 507 expectorat
1368 477 1376 498 :

167 518 272 552 Alter
290 518 491 552 terribilem
508 518 699 552 minitatur
718 520 801 554 vitae
820 522 1020 556 cruciatum
1039 528 1074 556 et
1091 534 1239 566 necem;

167 579 258 621 Quae
273 590 381 612 nemo
399 584 450 613 est
467 584 539 613 tam
556 577 663 613 firmo
679 580 847 626 ingenio,
870 588 904 615 et
922 589 1022 616 tanta
1041 581 1284 627 confidentia,

166 639 264 682 Quin
281 638 435 685 refugiat
451 639 582 674 timido
599 651 779 687 sanguen,
803 648 911 688 atque
930 642 1136 677 exalbescat
1152 649 1261 678 metu.

112 720 243 765 Aliud
277 722 341 764 vis
374 739 383 764 :
421 731 696 778 contentum,
733 723 980 778 vehemens,
1017 725 1245 769 imminens
1280 727 1463 786 quadam

113 801 364 844 incitatione
384 803 605 862 gravitatis
618 837 629 857 ,

213 899 346 932 Iterum
365 899 539 946 Thyestes
557 902 706 934 Atreum
728 906 921 934 attractum
939 901 1110 946 advenit,

213 959 351 993 Iterum
367 958 442 1004 jam
460 959 672 1005 aggreditur
689 972 766 1001 me,
786 967 820 994 et
837 960 998 1006 quietum
1016 962 1220 997 exsuscitat.

211 1018 334 1063 Major
350 1018 442 1052 mihi
461 1019 595 1063 moles,
614 1019 730 1065 majus
747 1019 977 1055 miscendum
993 1022 1035 1055 ’st
1051 1023 1206 1066 malum,

211 1078 285 1122 Qui
303 1078 400 1112 illius
420 1079 593 1113 acerbum
613 1091 678 1114 cor
695 1080 922 1115 contundam
942 1088 977 1116 et
995 1082 1245 1128 comprimam.

172 1161 303 1208 Aliud
327 1161 556 1222 voluptas:
585 1162 786 1220 effusum,
823 1162 943 1220 lene,
975 1175 1200 1222 tenerum,
1231 1165 1460 1210 hilaratum

111 1260 159 1287 ac
186 1244 435 1299 remissum,

160 1350 234 1386 Sed
249 1349 340 1385 mihi
356 1363 467 1397 quum
483 1350 614 1386 detulit
629 1363 805 1386 coronam
822 1352 872 1386 ob
889 1352 1124 1387 collocandas
1140 1352 1303 1400 nuptias,

160 1412 246 1447 Tibi
263 1412 420 1456 ferebat,
441 1425 552 1459 quum
569 1412 764 1447 simulabat
780 1424 857 1447 sese
874 1413 979 1447 alteri
998 1412 1108 1456 dare;

160 1474 255 1508 Tum
276 1473 324 1508 ad
342 1480 377 1508 te
396 1473 600 1508 ludibunda
621 1473 728 1508 docte
747 1480 782 1508 et
800 1472 955 1508 delicate
974 1473 1115 1508 detulit.

111 1564 244 1609 Aliud
274 1563 469 1608 molestia
492 1582 501 1608 ε
540 1565 631 1608 sine
667 1564 1042 1613 commiseratione
1073 1581 1202 1623 grave
1238 1565 1464 1624 quiddam,

111 1654 154 1688 et
175 1661 262 1688 uno
289 1660 459 1704 pressu,
486 1659 535 1685 ac
562 1659 667 1686 sono
696 1642 952 1698 obductum,

162 1750 245 1793 Qua
264 1754 480 1795 tempestate
499 1747 599 1782 Paris
617 1747 797 1782 Helenam
817 1746 981 1794 innuptis
995 1747 1118 1794 junxit
1135 1749 1293 1795 nuptiis,

163 1811 242 1856 Ego
260 1816 339 1843 tum
358 1808 526 1856 gravida,
546 1807 699 1854 expletis
712 1807 788 1853 jam
804 1807 878 1842 fere
894 1808 941 1843 ad
957 1809 1175 1854 pariendum
1191 1809 1400 1853 mensibus;

164 1871 232 1904 Per
250 1869 350 1904 idem
368 1876 510 1915 tempus
528 1868 754 1915 Polydorum
771 1867 923 1902 Hecuba
938 1875 1046 1915 partu
1062 1876 1250 1916 postremo
1269 1869 1376 1916 parit.

176 1963 290 2005 LIX.
318 1963 479 2004 Omnes
504 1969 648 2003 autem
669 1960 747 2002 hos
770 1969 912 2002 motus
932 1960 1132 2019 subsequi
1150 1959 1274 2003 debet
1299 1969 1464 2019 gestus,

116 2058 203 2086 non
226 2041 297 2084 hic
322 2040 452 2084 verba
485 2040 745 2100 exprimens,
767 2039 984 2095 scenicus,
1010 2039 1082 2082 sed
1111 2039 1354 2083 universam
1374 2055 1464 2082 rem

118 2132 161 2165 et
185 2122 465 2176 sententiam,
502 2136 589 2163 non
628 2118 1012 2174 demonstratione,
1050 2118 1124 2161 sed
1155 2118 1467 2178 significatione

120 2200 360 2255 declarans,
389 2198 572 2243 laterum
598 2197 824 2240 inflexione
842 2197 924 2241 hac
947 2197 1047 2240 forti
1070 2213 1120 2240 ac
1143 2196 1279 2251 virili,
1302 2213 1388 2240 non
1414 2197 1466 2240 ab

120 2296 249 2324 scena
277 2288 319 2322 et
340 2278 646 2331 histrionibus,
674 2275 747 2320 sed
771 2276 823 2319 ab
849 2277 1001 2332 armis,
1028 2277 1245 2319 autetiam
1271 2292 1294 2318 a
1320 2275 1468 2335 palaes-

123 2370 201 2404 tra.
215 2361 372 2403 Manus
384 2367 528 2401 autem
542 2357 684 2400 minus
699 2365 848 2415 arguta
862 2389 873 2409 ,
889 2354 1031 2415 digitis
1046 2356 1306 2414 subsequens
1321 2354 1466 2409 verba,

125 2456 211 2483 non
236 2439 502 2498 exprimen53
537 2436 763 2480 brachium
794 2436 1014 2494 procerius
1050 2436 1285 2496 projectum
1300 2468 1311 2490 ,
1347 2433 1467 2493 quasi

127 2519 341 2578 quoddam
363 2517 495 2561 telum
522 2515 752 2570 orationis,
781 2513 1000 2574 supplosio
1018 2514 1135 2574 pedis
1161 2516 1203 2557 in
1229 2512 1467 2557 contentio-

127 2599 251 2643 nibus
272 2607 344 2642 aut
372 2594 650 2656 incipiendis,
672 2603 744 2637 aut
769 2592 981 2636 finiendis.
