1843 3166
279 160 348 195 25‘).
798 158 861 191 DF.
892 157 1128 191 ORATORE

277 243 481 299 attulisti,
509 259 640 303 quam
670 243 747 285 tibi
775 252 883 286 esset
908 243 1120 285 tributum
1143 258 1166 283 a
1195 240 1316 283 nobis
1340 256 1389 282 ac
1417 239 1646 283 denuntia-

278 336 396 370 tum:
426 324 501 368 sed
525 333 639 367 certe
662 333 703 368 et
729 324 793 366 lice
812 333 952 383 partes
977 322 1152 365 fuerunt
1178 331 1284 376 tuae,
1310 320 1361 363 de
1388 318 1643 363 illustranda

281 407 476 450 oratione
504 415 550 448 ut
570 404 753 459 diceres,
783 414 824 446 et
852 420 945 447 eras
970 404 1058 463 ipse
1080 403 1170 462 jam
1199 403 1434 462 ingressus,
1455 410 1586 460 atque
1605 401 1647 443 in

282 496 469 546 quatuor
500 496 644 546 partes
671 502 844 528 omnem
885 484 1095 526 orationis
1132 481 1300 525 laudem
1339 481 1650 541 descripseras;

283 582 507 626 quumque
533 567 586 610 de
611 566 776 609 duabus
801 566 950 625 primis
977 564 1102 607 nobis
1127 563 1304 622 quidem
1329 563 1454 617 satis,
1482 561 1583 618 sed,
1604 572 1655 605 ut

285 649 375 707 ipse
404 646 598 701 dicebas,
627 646 823 690 celeriter
851 647 1091 705 exigueque
1123 643 1324 697 dixisses,
1350 643 1455 686 duas
1488 643 1563 686 tibi
1590 659 1655 685 re-

288 727 426 787 liquas
454 727 638 782 feceras,
671 725 1039 785 quemadmodum
1072 724 1261 783 primum
1300 734 1471 780 ornate,
1501 722 1656 767 deinde

289 809 418 850 ctiam
446 818 544 867 apte
562 806 816 849 diceremus.

355 890 458 945 Quo
488 905 621 947 quum
651 888 866 948 ingressus
890 902 1023 942 esses,
1061 895 1238 945 repente
1266 895 1305 928 te
1330 885 1452 945 quasi
1483 884 1658 944 quidam

293 980 420 1014 :estus
449 970 607 1029 ingenii
643 969 704 1011 tui
734 966 885 1028 procul
920 984 943 1010 a
972 976 1086 1010 terra
1121 966 1339 1026 abripuit,
1367 976 1498 1026 atque
1532 966 1576 1009 in
1605 964 1662 1009 al-

296 1062 385 1095 tum
415 1070 439 1095 a
460 1061 693 1112 conspeetu
716 1067 836 1110 paene
865 1051 1062 1092 omnium
1090 1048 1313 1092 abstraxit.
1338 1050 1526 1092 Omnem
1546 1048 1661 1091 enim

295 1149 439 1176 rerum
468 1133 692 1175 seientiam
724 1130 996 1191 complexus,
1022 1146 1110 1172 non
1136 1138 1182 1171 tu
1210 1128 1389 1188 quidem
1415 1145 1510 1172 eam
1538 1128 1664 1172 nobis

298 1212 510 1256 tradidisti
538 1230 547 1256 :
586 1229 726 1273 neque
761 1213 875 1255 enim
897 1211 980 1255 fuit
1008 1222 1096 1254 tam
1128 1212 1274 1271 exigui
1306 1210 1538 1272 temporis3
1565 1209 1665 1264 sed,

298 1294 413 1354 apud
443 1294 520 1337 hos
544 1294 648 1353 quid
675 1293 933 1354 profeceris,
955 1294 1119 1349 nescio;
1147 1309 1214 1335 me
1243 1292 1417 1352 quidem
1441 1292 1485 1334 in
1513 1291 1665 1335 acade-

301 1375 431 1417 miam
467 1384 606 1417 totum
640 1372 901 1433 compulisti.
935 1375 986 1416 In
1023 1390 1109 1432 qua
1141 1372 1271 1415 velim
1302 1374 1356 1416 sit
1386 1371 1514 1426 illud,
1550 1372 1665 1432 quod

303 1468 414 1514 soep'e
452 1456 653 1515 posuisti,
694 1465 741 1498 ut
774 1472 861 1497 non
901 1471 1073 1497 necesse
1103 1455 1155 1497 sit
1193 1471 1448 1498 consumere
1474 1464 1668 1507 aetatem,

303 1546 431 1594 atque
464 1545 511 1577 ut
538 1536 672 1594 possit
701 1536 733 1577 is
758 1534 828 1577 illa
856 1536 1003 1577 omnia
1040 1534 1238 1591 cernere,
1265 1536 1338 1594 qui
1365 1535 1670 1578 tantummodo

303 1614 545 1674 adspexerit
567 1631 575 1657 ε
596 1613 667 1657 sed
692 1615 859 1657 etiamsi
884 1624 947 1657 est
968 1613 1194 1674 aliquanto
1214 1616 1412 1675 spissius,
1439 1625 1513 1658 aut
1534 1617 1568 1658 si
1591 1632 1670 1676 ego

305 1712 396 1738 sum
421 1695 598 1750 tardior,
621 1695 815 1756 profecto
834 1713 1061 1756 nunquam
1091 1697 1417 1757 conquiescam,
1442 1713 1584 1756 neque
1603 1696 1672 1740 de-

307 1776 518 1837 fatigabor
540 1787 658 1832 ante,
687 1794 818 1837 quam
847 1777 1021 1821 illorum
1046 1779 1252 1838 ancipites
1280 1779 1369 1821 vias
1395 1779 1673 1838 rationesque

305 1866 343 1899 et
375 1874 454 1916 pro
478 1858 702 1913 omnibus,
721 1868 763 1902 et
776 1869 924 1902 contra
952 1860 1094 1902 omnia
1116 1858 1395 1919 disputandi,
1426 1876 1671 1920 percepero.

368 1941 551 1981 —Tum
582 1941 737 1995 Caesar,
770 1941 938 1996 Unum,
976 1940 1144 2000 inquit,
1185 1957 1254 1983 me
1283 1957 1333 1983 ex
1375 1950 1449 1983 tuo
1475 1957 1674 1984 sermone

306 2019 513 2073 maxime,
537 2022 713 2074 Crasse,
734 2021 994 2076 commovit,
1014 2020 1132 2080 quod
1155 2038 1252 2064 eum
1271 2022 1458 2081 negasti,
1485 2021 1559 2080 qui
1586 2038 1673 2065 non

309 2100 394 2142 cito
416 2099 520 2158 quid
544 2099 784 2155 didicisset,
812 2117 1004 2161 unquam
1034 2103 1216 2144 omnino
1245 2118 1368 2161 posse
1396 2102 1670 2161 perdiscere:

311 2189 356 2222 ut
381 2180 487 2221 mihi
510 2197 598 2222 non
627 2181 679 2223 sit
705 2180 876 2225 difficile
906 2180 1162 2242 periclitari,
1190 2192 1231 2224 et
1258 2192 1333 2225 aut
1360 2183 1504 2225 statim
1536 2185 1674 2243 perci-

310 2276 410 2319 pere
439 2261 538 2316 ista,
567 2278 661 2320 quae
686 2272 730 2304 tu
760 2262 899 2306 verbis
923 2263 977 2306 ad
1000 2262 1155 2306 coelum
1177 2263 1390 2318 extulisti3
1410 2274 1509 2320 aut,
1531 2265 1565 2307 si
1588 2281 1674 2307 non

312 2342 547 2399 potuerim,
577 2351 744 2401 tempus
777 2360 863 2386 non
894 2343 1100 2403 perdere,
1139 2361 1274 2403 quum
1310 2355 1452 2387 tamen
1481 2345 1548 2388 his
1578 2362 1676 2388 nos-

313 2422 386 2463 tris
416 2422 576 2480 possim
602 2438 689 2464 esse
719 2432 962 2466 contentus.

379 2502 529 2546 ssHic
563 2501 800 2563 Sulpicius,
837 2508 933 2565 Ego
965 2522 1090 2561 vero,
1127 2507 1286 2566 inquit,
1318 2510 1498 2562 Crasse,
1537 2525 1676 2568 neque

313 2583 584 2626 Aristotelem
610 2585 737 2627 istum
757 2619 767 2639 ,
798 2603 935 2645 neque
957 2588 1250 2643 Carneadem,
1284 2606 1361 2632 nec
1393 2589 1675 2649 philosopho-
