1843 3166
356 216 424 247 ¹70
865 205 927 237 DF.
954 203 1188 237 ORATORF.

352 287 481 330 lestus
512 304 597 330 non
621 288 717 329 eris.
742 307 759 325 ι)
785 314 842 318 ——
869 306 887 326 «
907 287 1083 330 Jubcbis
1117 287 1246 346 igilur
1279 294 1337 337 tc,
1378 284 1538 342 inquit,
1572 285 1703 326 susci-

351 367 462 410 tari?
483 387 503 408 »
526 370 582 411 Et
605 377 672 422 tu,
700 387 719 406 a
739 369 866 410 Certe
888 383 1090 426 negaram
1118 376 1157 408 tc
1180 364 1409 407 molestum
1434 363 1641 406 futurum.
1662 383 1681 403 u

414 450 476 490 Ex
493 448 642 491 eodem
664 448 745 490 hoc
770 456 893 489 vetus
915 445 1020 489 illud
1043 455 1105 488 cst
1121 480 1132 500 ,
1161 444 1276 504 quod
1298 444 1418 487 aiunt
1438 442 1705 503 Maluginen-

353 544 441 570 sem
467 527 572 570 illud
597 529 655 570 M.
681 527 947 586 Scipionem,
978 541 1110 585 quum
1139 540 1186 567 ex
1214 524 1407 567 centuria
1441 539 1515 566 sua
1546 538 1705 566 renun-

353 609 479 650 tiaret
503 607 733 651 Acidinum
761 605 1004 661 consulem,
1032 621 1259 665 praecoque
1280 603 1480 657 dixisset,
1508 623 1526 642 α
1548 604 1631 646 Die
1655 603 1707 646 de

354 690 400 730 L.
421 686 612 741 Manlio;
632 706 652 727 n
676 714 739 720 —
764 707 783 727 «
803 687 958 730 Virum
986 686 1170 740 bonum,
1207 685 1367 743 inquit,
1401 685 1707 744 egregiumque

351 769 486 811 civem
509 784 599 811 csse
622 767 822 811 arbitror.
846 787 864 806 υ

415 847 614 892 Ridicule
638 849 764 891 etiam
791 847 909 890 illud.
944 850 991 890 L.
1023 847 1201 890 Porcius
1232 844 1389 888 Nasica
1426 845 1591 887 censori
1624 848 1707 887 Ca-

352 930 462 984 toni,
479 945 612 989 quum
632 928 718 983 illc,
736 931 831 971 «Ex
851 929 911 970 tui
925 927 1054 970 animi
1076 926 1286 969 sententia
1301 935 1346 967 tu
1364 941 1541 967 uxorem
1556 925 1710 968 habes?

351 1036 411 1045 --
430 1011 564 1053 «Non
582 1008 777 1064 hercule,
803 1008 959 1067 inquit,
983 1024 1033 1050 ex
1054 1007 1135 1050 mei
1161 1007 1292 1049 animi
1314 1007 1537 1048 sententia.
1558 1026 1577 1045 n

416 1091 516 1131 Haec
539 1097 613 1130 aut
635 1087 789 1147 frigida
815 1096 942 1143 sunt,
970 1096 1044 1129 aut
1066 1095 1157 1129 tum
1185 1085 1316 1137 salsa,
1343 1101 1478 1143 quum
1505 1083 1621 1127 aliud
1646 1097 1709 1129 cst

351 1178 661 1228 exspectatum.
692 1169 861 1211 Natura
884 1168 998 1210 enim
1018 1184 1095 1209 nos
1123 1167 1191 1226 (ut
1217 1175 1316 1209 autc.
1337 1165 1446 1225 dixi)
1479 1175 1621 1209 noster
1641 1166 1710 1209 de-

353 1248 480 1291 lectat
501 1265 623 1291 orror
642 1265 651 1291 z
679 1264 729 1290 cx
749 1263 859 1307 quo,
886 1263 1019 1306 quum
1042 1247 1162 1305 quasi
1183 1245 1350 1305 decepti
1376 1262 1523 1289 sumus
1542 1262 1709 1306 exspec-u

352 1330 534 1383 tatione,
559 1329 762 1372 ridemus.

413 1411 548 1453 LXV.
583 1412 633 1452 In
655 1409 796 1452 verbis
814 1410 941 1452 etiam
965 1407 1037 1451 illa
1058 1419 1157 1451 sunt
1172 1444 1182 1463 ,
1207 1425 1301 1468 quae
1324 1419 1395 1452 aut
1415 1426 1461 1452 ex
1486 1410 1706 1452 immutata

354 1490 547 1533 oratione
576 1488 795 1545 dicuntur,
826 1499 900 1531 aut
923 1505 972 1531 ex
998 1490 1126 1531 unius
1150 1489 1267 1531 verbi
1298 1488 1602 1539 translatione,
1636 1499 1705 1532 aut

350 1587 400 1613 ex
424 1569 668 1612 inversione
692 1568 939 1611 verborum.

413 1651 474 1693 Ex
502 1648 806 1690 immutatione
831 1665 839 1690 :
882 1658 930 1691 ut
953 1647 1056 1691 olim
1087 1651 1226 1691 Rusca
1253 1665 1384 1708 quum
1421 1648 1554 1708 legem
1582 1649 1704 1692 ferret

350 1726 570 1783 annalem,
604 1727 822 1771 dissuasor
857 1730 918 1771 M.
945 1726 1173 1782 Servilius,
1214 1748 1232 1767 a
1259 1730 1340 1771 Dic
1374 1728 1504 1783 mihi,
1542 1729 1708 1789 inquit,

348 1811 408 1852 M.
429 1809 600 1863 Pinari,
634 1825 763 1864 num,
792 1809 825 1851 si
849 1818 1002 1851 contra
1027 1817 1066 1851 te
1089 1807 1258 1863 dixero,
1288 1808 1394 1850 mihi
1427 1807 1536 1851 male
1564 1808 1705 1852 (lictu-

348 1905 420 1932 rus
439 1905 502 1942 es,
530 1897 578 1931 ut
603 1890 755 1932 ceteris
782 1889 917 1932 fecisti
933 1888 950 1930 Ρ
965 1907 985 1928 »
1002 1915 1061 1920 —-
1076 1908 1095 1929 «
1113 1889 1173 1931 Ut
1199 1897 1431 1931 sementem
1452 1888 1602 1932 feceris
1617 1923 1627 1943 ,
1650 1890 1706 1931 ita

352 1977 504 2021 metes,
523 1990 542 2009 »
570 1970 724 2028 inquit.

410 2050 475 2091 Ex
504 2048 787 2092 translatione
817 2059 987 2104 autem,
1018 2059 1088 2104 ut,
1128 2066 1260 2109 quum
1293 2051 1438 2109 Scipio
1471 2049 1540 2092 ille
1571 2050 1707 2110 major

348 2128 586 2172 Corinthiis
622 2138 806 2172 statuam
844 2127 1149 2188 pollicentibus
1179 2147 1229 2173 eo
1260 2129 1375 2186 loco,
1420 2130 1492 2172 ubi
1523 2129 1704 2173 aliorum

348 2218 487 2251 essent
510 2209 846 2268 imperatorum,
874 2230 894 2250 «
916 2209 1119 2253 turmales
1145 2209 1252 2253 dixit
1277 2209 1516 2269 displicere.
1538 2229 1557 2250 ¹)

409 2290 694 2332 Invertuntur
719 2299 862 2333 autem
887 2291 1038 2344 verba,
1066 2300 1134 2343 ut,
1165 2293 1346 2335 Crassus
1373 2291 1489 2352 apud
1517 2292 1576 2334 M.
1605 2293 1704 2334 Peru

349 2385 528 2429 pernam
563 2368 754 2429 judicem
793 2386 871 2429 pro
907 2369 1126 2414 Aculeone
1162 2387 1297 2430 quum
1337 2371 1517 2426 diceret,
1559 2371 1703 2415 aderat

348 2459 499 2493 contra
513 2449 775 2494 Aculeonem
789 2451 1049 2494 Gratidiano
1070 2453 1118 2494 L.
1134 2450 1268 2495 AElius
1288 2452 1437 2495 Lamia
1450 2485 1461 2506 ,
1480 2451 1703 2505 deformis,

351 2538 396 2571 ut
422 2530 582 2585 nostis3
617 2530 688 2589 qui
714 2546 847 2589 quum
876 2530 1171 2591 interpellaret
1193 2531 1340 2576 odiose
1362 2550 1369 2575 ε
1399 2552 1418 2573 «
1440 2533 1675 2577 Audiamus
1691 2568 1701 2582 ,

351 2610 510 2668 inquit,
536 2609 799 2670 pulchellum
822 2627 1026 2669 puerum,
1046 2632 1062 2651 υ
1087 2615 1280 2656 Crassus.
1304 2614 1453 2669 Quum
1473 2624 1575 2657 esset
1600 2615 1702 2656 arri-
