1843 3166
713 218 856 252 LIBER
888 219 914 252 1.
1443 233 1484 265 71

127 299 228 344 huic
269 302 408 344 Cottae
447 300 597 343 tribuit
636 301 850 359 partium,
887 300 1170 347 disertissimo
1205 303 1492 361 adolescenti,

127 381 288 424 sororis
318 397 404 424 suae
435 379 535 424 filio.
568 381 692 424 Dixit
723 382 827 424 item
861 398 1036 426 causam
1073 382 1190 427 illam
1223 385 1409 444 quadam
1442 402 1492 429 ex

127 471 248 521 parte
279 463 336 519 Q.
366 463 567 516 Mucius,
598 478 718 506 more
750 480 849 519 suo,
885 463 1007 508 nullo
1037 475 1277 524 apparatu,
1312 482 1418 526 pure
1453 476 1495 511 et

127 541 327 586 dilucide.

189 623 324 681 Quod
351 624 385 667 si
411 634 459 668 tu
480 633 606 682 tunc,
625 626 799 683 Crasse,
822 625 1018 683 dixisses,
1044 627 1120 687 qui
1141 626 1381 671 subsidium
1401 644 1498 671 ora·

128 705 210 748 tori
235 721 287 748 ex
312 702 396 748 illis
416 704 809 766 disputationibus,
837 708 996 767 quibus
1020 706 1270 769 philosophi
1294 718 1498 767 utuntur,

129 784 183 828 ad
206 784 378 829 dicendi
407 787 600 847 copiam,
630 787 866 847 petendum
893 804 981 832 esse
1010 787 1158 848 paullo
1183 797 1283 832 ante
1306 788 1500 845 dicebas;

129 874 189 920 ct,
218 866 252 909 si
280 865 358 909 tibi
385 882 464 926 pro
484 868 530 910 P.
559 866 728 911 Rutilio
756 884 844 911 non
868 867 1233 928 philosophorum
1259 884 1402 924 more,
1427 869 1501 912 sed

131 954 207 989 tuo
225 944 415 990 licuisset
437 947 610 991 dicere?
628 950 826 1008 quamvis
852 948 1049 993 scelerati
1073 948 1133 992 illi
1154 948 1356 1005 fuissent,
1376 949 1503 993 sicuti

130 1025 333 1081 fuerunt,
359 1027 550 1088 pestiferi
581 1030 695 1073 cives
725 1028 1031 1090 supplicioque
1060 1029 1206 1090 digni3
1235 1038 1380 1073 tamen
1409 1045 1503 1073 om-

132 1122 232 1150 nem
251 1124 404 1151 eorum
428 1110 806 1169 importunitatem
831 1127 881 1153 ex
906 1110 1070 1153 intimis
1095 1110 1316 1154 mentibus
1338 1108 1506 1154 evellis-

133 1197 197 1230 set
223 1189 285 1231 vis
314 1189 522 1233 orationis
549 1199 633 1233 tuae
668 1207 676 1233 :
706 1206 822 1233 nunc
855 1189 951 1234 talis
979 1191 1045 1233 vir
1074 1191 1257 1234 amissus
1286 1200 1370 1246 est,
1401 1189 1506 1233 dum

135 1284 262 1311 causa
288 1269 347 1312 ita
371 1269 550 1324 dicitur,
573 1280 624 1313 ut
650 1271 684 1312 si
708 1271 752 1312 in
777 1269 848 1313 illa
871 1271 1170 1313 commentitia
1191 1269 1386 1313 Platonis
1406 1269 1508 1312 civi-

136 1359 224 1393 tate
247 1365 314 1393 res
337 1360 550 1411 ageretur.
571 1352 714 1395 Nemo
743 1351 981 1410 ingemuit,
1005 1366 1136 1393 nemo
1164 1348 1415 1393 inclamavit
1434 1365 1510 1408 pa-

139 1439 399 1486 tronorum,
440 1430 549 1474 nihil
590 1432 797 1490 cuiquam
840 1429 1002 1486 doluit,
1040 1446 1170 1474 nemo
1205 1439 1269 1473 est
1307 1438 1511 1489 questus,

138 1526 267 1553 nemo
287 1509 606 1571 rempublicam
636 1509 907 1570 imploravit,
937 1526 1066 1553 nemo
1091 1508 1366 1571 supplicavit.
1390 1508 1512 1565 Quid

141 1590 307 1636 multa?
344 1592 500 1653 pedem
537 1609 666 1636 nemo
701 1593 746 1636 in
778 1591 852 1635 illo
883 1591 1051 1652 judicio
1082 1589 1323 1652 supplosit,
1358 1589 1513 1644 credo,

141 1688 196 1716 ne
222 1674 368 1718 stoicis
393 1674 735 1717 renuntiaretur.

206 1755 320 1798 LIV.
357 1755 558 1798 Imitatus
581 1764 646 1798 est
671 1755 804 1798 homo
835 1771 1041 1798 romanus
1064 1763 1107 1797 et
1133 1752 1374 1797 consularis
1400 1760 1515 1794 vete-

144 1852 236 1878 rem
259 1833 381 1878 illum
404 1837 653 1890 Socratem,
672 1836 765 1895 qui,
790 1852 927 1895 quum
951 1835 1148 1878 omnium
1173 1833 1517 1894 sapientissimus

146 1925 275 1972 esset,
306 1916 663 1976 sanctissimeque
688 1917 883 1972 vixisset,
916 1917 975 1959 ita
1011 1916 1054 1958 in
1077 1914 1242 1974 judicio
1265 1914 1416 1973 capitis
1439 1929 1520 1973 pro

148 2013 191 2040 se
213 1997 302 2057 ipse
322 1996 451 2049 dixit,
471 2007 522 2040 ut
540 2013 629 2041 non
649 1996 832 2058 supplex
856 2006 930 2040 aut
951 2012 1070 2051 reUS,
1090 1994 1166 2039 sed
1188 1995 1418 2055 magister,
1445 2002 1522 2036 aut

151 2076 353 2121 dominus
379 2076 600 2121 videretur
628 2094 717 2121 esse
747 2076 958 2137 judicum.
990 2077 1110 2133 Quin
1138 2077 1293 2130 etiam,
1322 2090 1457 2134 quum
1483 2074 1523 2116 ei

152 2158 362 2216 scriptam
399 2157 644 2201 orationem
682 2156 990 2202 disertissimus
1024 2166 1172 2199 orator
1217 2154 1367 2215 Lysias
1409 2162 1524 2196 attu-

155 2236 297 2292 lisset,
329 2253 481 2296 quam,
506 2239 540 2281 si
567 2238 606 2281 ei
632 2236 880 2291 videretur,
909 2235 1140 2292 edisceret,
1162 2245 1209 2279 ut
1236 2251 1286 2279 ea
1313 2250 1393 2295 pro
1418 2250 1461 2276 se
1482 2234 1525 2275 in

150 2317 319 2378 judicio
352 2327 569 2374 uteretur,
597 2335 685 2362 non
714 2318 878 2361 invitus
906 2316 1031 2377 legit,
1060 2326 1103 2360 et
1133 2315 1362 2360 commode
1393 2314 1527 2373 scrip-

155 2409 246 2442 tam
269 2415 361 2442 esse
383 2397 492 2442 dixit
512 2415 521 2441 z
545 2399 618 2442 sed
643 2400 809 2458 inquit,
833 2408 898 2452 ut,
924 2398 958 2441 si
983 2397 1091 2440 mihi
1112 2395 1277 2440 calceos
1302 2394 1527 2455 Sicyonios

156 2478 400 2534 attulisses,
433 2496 521 2522 non
555 2489 724 2535 uterer,
760 2478 959 2538 quamvis
991 2487 1135 2521 essent
1170 2474 1336 2520 habiles
1367 2484 1409 2517 et
1438 2473 1528 2532 apti

157 2559 211 2603 ad
239 2559 416 2620 pedem,
447 2560 547 2618 quia
573 2576 663 2604 non
690 2568 833 2602 essent
857 2557 1022 2613 virilesr,
1048 2560 1107 2602 sic
1136 2556 1255 2600 illam
1285 2554 1528 2597 orationem

160 2640 365 2685 disertam
389 2641 469 2685 sibi
497 2651 539 2684 et
563 2642 797 2684 oratoriam
818 2638 983 2696 videri,
1008 2638 1165 2682 fortem
1186 2646 1228 2680 et
1249 2633 1415 2681 virilem
1440 2649 1528 2676 non
