1843 3166
748 191 889 225 LIBER
923 192 970 225 IL
1477 195 1545 231 103

240 278 369 318 Hunc
394 283 650 318 consecutus
675 284 737 316 cst
761 275 1015 335 Syracusius
1042 275 1268 333 Philistus,
1297 280 1390 338 qui,
1415 297 1549 340 quum

177 356 374 415 Dionysii
400 355 570 414 tyranni
596 353 955 397 fiimiliarissimus
983 365 1112 411 esset,
1137 357 1274 400 otium
1298 375 1424 403 suum
1450 378 1552 405 con-

179 436 331 479 sumsit
345 436 388 477 in
403 434 581 477 historia
597 434 826 478 scribenda
837 470 848 490 ,
866 437 1140 496 maximeque
1154 438 1453 499 Thucydidem
1472 451 1552 499 est,

179 517 289 560 sieut
312 515 416 558 mihi
441 514 628 570 videtur,
659 516 864 560 imitatus.
896 519 1053 561 Postea
1078 534 1204 574 vero,
1232 521 1354 580 quasi
1390 537 1440 564 ex
1473 520 1557 565 cla-

180 597 347 640 rissima
367 595 553 639 rhetoris
579 596 777 653 officina,
808 597 896 641 duo
921 609 1172 659 praestantes
1198 603 1392 662 ingenio,
1422 603 1560 646 Theo-

181 694 367 738 pompus
391 686 434 721 et
450 677 654 738 Ephorus
668 713 679 735 ⁷
706 679 759 722 ab
777 682 966 724 Isocrate
984 683 1192 743 magistro
1216 683 1415 744 impulsi,
1440 701 1484 728 se
1504 685 1558 729 ad

180 758 404 802 historiam
435 758 742 816 contulerunt3
780 778 930 806 causas
954 764 1134 807 omnino
1160 781 1385 825 nunquam
1409 767 1560 827 attige-

182 849 297 883 runt.

245 923 366 965 XIV.
403 923 607 983 Denique
645 925 775 967 etiam
816 942 840 968 a
876 925 1153 987 philosophia
1193 928 1414 988 profectus
1448 931 1562 990 prin-

184 1019 284 1063 ceps
307 1003 558 1062 Xenophon
574 1038 585 1060 ⁷
615 1005 863 1049 Socraticus
890 1005 985 1063 ille,
1016 1017 1114 1067 post
1137 1008 1192 1051 ab
1212 1008 1443 1054 Aristotele
1464 1009 1562 1055 Cal-

184 1081 412 1136 listhenes,
446 1100 592 1127 comes
623 1083 885 1142 Alexandri,
924 1087 1094 1147 scripsit
1126 1089 1383 1133 historiam:
1420 1100 1462 1134 et
1492 1091 1563 1135 hic

186 1163 363 1223 quidem
380 1165 599 1208 rhetorico
614 1182 735 1225 paene
753 1183 898 1224 more3
925 1167 997 1211 ille
1013 1178 1157 1212 autem
1177 1172 1377 1231 superior
1397 1170 1563 1215 leniore

188 1244 381 1304 quodam
411 1262 518 1289 sono
545 1255 608 1289 est
637 1263 759 1302 usuS‚
802 1257 844 1290 et
876 1249 949 1307 qui
985 1248 1106 1292 illum
1143 1251 1356 1311 impetum
1381 1254 1565 1297 oratoris

189 1342 279 1369 non
303 1325 482 1381 habeat;
512 1326 748 1370 vehemens
771 1327 952 1372 fortasse
975 1331 1138 1386 minus,
1164 1330 1238 1374 sed
1262 1331 1484 1392 aliquanto
1508 1343 1567 1377 ta-

191 1424 292 1450 men
311 1417 395 1465 est,
420 1417 468 1451 ut
485 1407 591 1451 mihi
610 1407 788 1468 quidem
808 1409 995 1465 videtur,
1021 1410 1203 1455 dulcior.
1229 1414 1440 1457 Minimus
1461 1424 1567 1458 natu

193 1491 351 1534 horum
378 1490 575 1533 omnium
600 1490 807 1546 Timaeus,
838 1500 1051 1550 quantum
1078 1502 1223 1536 autem
1245 1493 1443 1553 judicare
1472 1511 1568 1556 pos-

193 1589 312 1628 sum,
342 1570 473 1632 longe
502 1570 842 1627 eruditissimus,
876 1581 916 1615 et
939 1588 1088 1616 rerum
1115 1574 1237 1634 copia
1268 1584 1311 1618 et
1337 1577 1570 1619 sententia-

194 1669 294 1696 rum
331 1653 541 1696 varietate
581 1651 1007 1709 abundantissimus,
1049 1663 1091 1696 et
1128 1655 1218 1714 ipsa
1254 1656 1569 1715 compositione

196 1734 433 1777 verborum
459 1749 548 1776 non
570 1730 814 1792 impolitus,
844 1749 1048 1794 magnam
1071 1733 1365 1795 eloquentiam
1389 1735 1443 1780 ad
1469 1738 1573 1781 scri-

200 1814 391 1859 bendum
410 1813 575 1870 attulit,
600 1813 675 1857 sed
694 1813 864 1858 nullum
886 1831 1013 1858 usum
1037 1816 1266 1860 sorensem.

263 1898 364 1940 Haec
388 1911 525 1956 quum
551 1894 622 1938 ille
646 1894 822 1938 dixisset
843 1912 853 1938 z
871 1922 933 1928 ——
953 1896 1075 1952 Quid
1099 1906 1182 1953 est,
1209 1897 1370 1958 inquit⁷
1397 1897 1574 1953 Catule,

201 1976 369 2023 Caesar?
406 1976 481 2020 ubi
512 1985 636 2030 sunt,
676 1977 751 2036 qui
787 1977 1025 2020 Antonium
1065 1995 1204 2038 graece
1243 1988 1405 2040 negant
1440 1980 1579 2023 scire?

203 2069 310 2120 quot
325 2058 556 2102 historicos
574 2056 841 2101 nominavit?
864 2074 996 2118 quam
1018 2059 1229 2102 scienter?
1255 2076 1384 2119 quam
1404 2061 1581 2120 proprie

204 2139 257 2183 de
282 2155 552 2199 unoquoque
575 2138 709 2182 dixit?
735 2165 797 2171 —-
823 2137 875 2181 Id
901 2138 1175 2189 mehercule„
1209 2141 1350 2199 inquit
1376 2140 1583 2195 Catulus,

205 2220 448 2277 admirans,
481 2219 589 2264 illud
609 2221 700 2280 jam
724 2220 872 2263 mirari
905 2218 1076 2277 desino,
1119 2220 1237 2281 quod
1271 2221 1412 2265 multo
1449 2223 1585 2283 magis

206 2311 306 2346 ante
345 2300 555 2357 mirabar,
590 2301 735 2358 hunc,
776 2318 913 2361 quum
949 2301 1041 2345 haec
1076 2303 1282 2359 nesciret,
1320 2303 1364 2346 in
1401 2302 1586 2346 dicendo

209 2400 334 2445 posse
358 2393 544 2427 tantum.
572 2383 804 2444 -Atqui‚
844 2382 1020 2436 Catule‚
1055 2383 1198 2443 inquit
1222 2385 1465 2440 Antonius7
1500 2400 1587 2426 non

211 2482 290 2527 ego
319 2465 550 2510 utilitatem
578 2463 769 2525 aliquam
802 2463 857 2507 ad
888 2462 1122 2508 dicendum
1150 2481 1391 2525 aucupans,
1431 2464 1589 2508 horum

213 2546 365 2604 libros,
394 2560 437 2592 et
462 2546 696 2592 nonnullos
714 2546 841 2602 alios,
865 2544 940 2588 sed
958 2544 1257 2590 delectationis
1277 2562 1427 2600 causa,
1452 2561 1587 2604 quum

215 2639 279 2673 est
299 2630 457 2685 otium,
483 2628 627 2690 legere
653 2627 783 2672 soleo.
