<?xml version="1.0" encoding="UTF-8"?>
<!DOCTYPE html PUBLIC "-//W3C//DTD XHTML 1.0 Transitional//EN"
    "http://www.w3.org/TR/xhtml1/DTD/xhtml1-transitional.dtd">
<html xmlns="http://www.w3.org/1999/xhtml" xml:lang="en" lang="en">
 <head>
  <title>
</title>
<meta http-equiv="Content-Type" content="text/html;charset=utf-8" />
  <meta name='ocr-system' content='tesseract 3.04.00' />
  <meta name='ocr-capabilities' content='ocr_page ocr_carea ocr_par ocr_line ocrx_word'/>
</head>
<body>
  <div class='ocr_page' id='page_1' title='image "./deoratorelibritr00ciceuoft_0285.png"; bbox 0 0 1843 3166; ppageno 0'>
   <div class='ocr_carea' id='block_1_1' title="bbox 693 210 1487 256">
    <p class='ocr_par' dir='ltr' id='par_1_1' title="bbox 693 210 1487 256">
     <span class='ocr_line' id='line_1_1' title="bbox 693 210 1487 256; baseline 0.005 -14"><span class='ocrx_word' id='word_1_1' title='bbox 693 210 836 245; x_wconf 75' lang='lat' dir='ltr'>LIBER</span> <span class='ocrx_word' id='word_1_2' title='bbox 867 210 932 242; x_wconf 84' lang='lat'>111.</span> <span class='ocrx_word' id='word_1_3' title='bbox 1417 211 1487 256; x_wconf 75' lang='lat'>273</span> 
     </span>
    </p>
   </div>
   <div class='ocr_carea' id='block_1_2' title="bbox 144 290 1506 2644">
    <p class='ocr_par' dir='ltr' id='par_1_2' title="bbox 145 290 1488 823">
     <span class='ocr_line' id='line_1_2' title="bbox 147 290 1485 351; baseline 0.004 -18"><span class='ocrx_word' id='word_1_4' title='bbox 147 291 321 334; x_wconf 90' lang='lat' dir='ltr'>verbum</span> <span class='ocrx_word' id='word_1_5' title='bbox 355 301 482 351; x_wconf 88' lang='lat' dir='ltr'>atque</span> <span class='ocrx_word' id='word_1_6' title='bbox 503 291 735 346; x_wconf 84' lang='lat' dir='ltr'>deflexum,</span> <span class='ocrx_word' id='word_1_7' title='bbox 764 302 807 335; x_wconf 90' lang='lat' dir='ltr'>et</span> <span class='ocrx_word' id='word_1_8' title='bbox 832 290 1023 349; x_wconf 89' lang='lat' dir='ltr'>ejusdem</span> <span class='ocrx_word' id='word_1_9' title='bbox 1063 292 1177 333; x_wconf 87' lang='lat' dir='ltr'>verbi</span> <span class='ocrx_word' id='word_1_10' title='bbox 1217 294 1365 337; x_wconf 87' lang='lat' dir='ltr'>crebra</span> <span class='ocrx_word' id='word_1_11' title='bbox 1394 305 1485 338; x_wconf 91' lang='lat' dir='ltr'>tum</span> 
     </span>
     <span class='ocr_line' id='line_1_3' title="bbox 147 370 1487 429; baseline 0.004 -17"><span class='ocrx_word' id='word_1_12' title='bbox 147 386 170 412; x_wconf 83' lang='lat' dir='ltr'>a</span> <span class='ocrx_word' id='word_1_13' title='bbox 197 371 336 429; x_wconf 92' lang='lat' dir='ltr'>primo</span> <span class='ocrx_word' id='word_1_14' title='bbox 369 370 586 429; x_wconf 84' lang='lat' dir='ltr'>repetitio,</span> <span class='ocrx_word' id='word_1_15' title='bbox 626 380 716 412; x_wconf 90' lang='lat' dir='ltr'>tum</span> <span class='ocrx_word' id='word_1_16' title='bbox 751 371 793 412; x_wconf 88' lang='lat' dir='ltr'>in</span> <span class='ocrx_word' id='word_1_17' title='bbox 826 380 1065 412; x_wconf 83' lang='lat' dir='ltr'>extremum</span> <span class='ocrx_word' id='word_1_18' title='bbox 1101 374 1342 426; x_wconf 84' lang='lat' dir='ltr'>conversio,</span> <span class='ocrx_word' id='word_1_19' title='bbox 1372 384 1414 416; x_wconf 88' lang='lat' dir='ltr'>et</span> <span class='ocrx_word' id='word_1_20' title='bbox 1444 376 1487 417; x_wconf 88' lang='lat' dir='ltr'>in</span> 
     </span>
     <span class='ocr_line' id='line_1_4' title="bbox 146 449 1488 508; baseline 0.003 -16"><span class='ocrx_word' id='word_1_21' title='bbox 146 449 292 492; x_wconf 85' lang='lat' dir='ltr'>eadem</span> <span class='ocrx_word' id='word_1_22' title='bbox 332 450 459 492; x_wconf 88' lang='lat' dir='ltr'>verba</span> <span class='ocrx_word' id='word_1_23' title='bbox 499 449 684 507; x_wconf 90' lang='lat' dir='ltr'>impetus</span> <span class='ocrx_word' id='word_1_24' title='bbox 722 459 765 491; x_wconf 90' lang='lat' dir='ltr'>et</span> <span class='ocrx_word' id='word_1_25' title='bbox 804 451 1051 504; x_wconf 82' lang='lat' dir='ltr'>concursio,</span> <span class='ocrx_word' id='word_1_26' title='bbox 1094 459 1136 492; x_wconf 90' lang='lat' dir='ltr'>et</span> <span class='ocrx_word' id='word_1_27' title='bbox 1167 450 1410 508; x_wconf 87' lang='lat' dir='ltr'>adjunctio,</span> <span class='ocrx_word' id='word_1_28' title='bbox 1444 464 1488 496; x_wconf 91' lang='lat' dir='ltr'>et</span> 
     </span>
     <span class='ocr_line' id='line_1_5' title="bbox 147 527 1487 588; baseline 0.002 -17"><span class='ocrx_word' id='word_1_29' title='bbox 147 530 412 588; x_wconf 82' lang='lat' dir='ltr'>progressio,</span> <span class='ocrx_word' id='word_1_30' title='bbox 448 537 491 570; x_wconf 89' lang='lat' dir='ltr'>et</span> <span class='ocrx_word' id='word_1_31' title='bbox 524 527 713 586; x_wconf 87' lang='lat' dir='ltr'>ejusdem</span> <span class='ocrx_word' id='word_1_32' title='bbox 751 530 870 571; x_wconf 90' lang='lat' dir='ltr'>verbi</span> <span class='ocrx_word' id='word_1_33' title='bbox 905 530 1095 572; x_wconf 86' lang='lat' dir='ltr'>crebrius</span> <span class='ocrx_word' id='word_1_34' title='bbox 1132 531 1259 588; x_wconf 91' lang='lat' dir='ltr'>positi</span> <span class='ocrx_word' id='word_1_35' title='bbox 1294 532 1487 588; x_wconf 78' lang='lat' dir='ltr'>quaedam</span> 
     </span>
     <span class='ocr_line' id='line_1_6' title="bbox 149 607 1488 667; baseline 0.003 -18"><span class='ocrx_word' id='word_1_36' title='bbox 149 607 387 660; x_wconf 90' lang='lat' dir='ltr'>distinctio,</span> <span class='ocrx_word' id='word_1_37' title='bbox 415 617 456 650; x_wconf 91' lang='lat' dir='ltr'>et</span> <span class='ocrx_word' id='word_1_38' title='bbox 479 608 695 650; x_wconf 83' lang='lat' dir='ltr'>revocatio</span> <span class='ocrx_word' id='word_1_39' title='bbox 715 608 859 662; x_wconf 89' lang='lat' dir='ltr'>verbi,</span> <span class='ocrx_word' id='word_1_40' title='bbox 889 618 930 650; x_wconf 94' lang='lat' dir='ltr'>et</span> <span class='ocrx_word' id='word_1_41' title='bbox 951 608 1046 661; x_wconf 90' lang='lat' dir='ltr'>illa,</span> <span class='ocrx_word' id='word_1_42' title='bbox 1072 625 1166 667; x_wconf 80' lang='lat' dir='ltr'>quae</span> <span class='ocrx_word' id='word_1_43' title='bbox 1195 608 1391 653; x_wconf 88' lang='lat' dir='ltr'>similiter</span> <span class='ocrx_word' id='word_1_44' title='bbox 1417 611 1488 653; x_wconf 89' lang='lat' dir='ltr'>de-</span> 
     </span>
     <span class='ocr_line' id='line_1_7' title="bbox 145 686 1484 748; baseline 0.003 -20"><span class='ocrx_word' id='word_1_45' title='bbox 145 687 309 740; x_wconf 89' lang='lat' dir='ltr'>sinunt,</span> <span class='ocrx_word' id='word_1_46' title='bbox 334 695 408 728; x_wconf 88' lang='lat' dir='ltr'>aut</span> <span class='ocrx_word' id='word_1_47' title='bbox 427 702 520 745; x_wconf 83' lang='lat' dir='ltr'>quae</span> <span class='ocrx_word' id='word_1_48' title='bbox 543 686 700 729; x_wconf 87' lang='lat' dir='ltr'>cadunt</span> <span class='ocrx_word' id='word_1_49' title='bbox 725 686 930 742; x_wconf 87' lang='lat' dir='ltr'>similiter,</span> <span class='ocrx_word' id='word_1_50' title='bbox 957 697 1032 729; x_wconf 90' lang='lat' dir='ltr'>aut</span> <span class='ocrx_word' id='word_1_51' title='bbox 1054 704 1147 746; x_wconf 81' lang='lat' dir='ltr'>quae</span> <span class='ocrx_word' id='word_1_52' title='bbox 1169 689 1344 747; x_wconf 87' lang='lat' dir='ltr'>paribus</span> <span class='ocrx_word' id='word_1_53' title='bbox 1368 690 1484 748; x_wconf 84' lang='lat' dir='ltr'>paria</span> 
     </span>
     <span class='ocr_line' id='line_1_8' title="bbox 147 763 1123 823; baseline 0.001 -16"><span class='ocrx_word' id='word_1_54' title='bbox 147 763 404 819; x_wconf 80' lang='lat' dir='ltr'>referuntur,</span> <span class='ocrx_word' id='word_1_55' title='bbox 430 774 501 807; x_wconf 88' lang='lat' dir='ltr'>aut</span> <span class='ocrx_word' id='word_1_56' title='bbox 522 781 615 823; x_wconf 83' lang='lat' dir='ltr'>quae</span> <span class='ocrx_word' id='word_1_57' title='bbox 638 775 737 807; x_wconf 86' lang='lat' dir='ltr'>sunt</span> <span class='ocrx_word' id='word_1_58' title='bbox 760 766 869 808; x_wconf 88' lang='lat' dir='ltr'>inter</span> <span class='ocrx_word' id='word_1_59' title='bbox 893 782 935 808; x_wconf 89' lang='lat' dir='ltr'>se</span> <span class='ocrx_word' id='word_1_60' title='bbox 956 765 1123 808; x_wconf 81' lang='lat' dir='ltr'>similia.</span> 
     </span>
    </p>

    <p class='ocr_par' dir='ltr' id='par_1_3' title="bbox 144 844 1499 1933">
     <span class='ocr_line' id='line_1_9' title="bbox 208 844 1488 904; baseline 0.002 -17"><span class='ocrx_word' id='word_1_61' title='bbox 208 846 282 887; x_wconf 89' lang='lat' dir='ltr'>Est</span> <span class='ocrx_word' id='word_1_62' title='bbox 310 845 437 887; x_wconf 84' lang='lat' dir='ltr'>etiam</span> <span class='ocrx_word' id='word_1_63' title='bbox 462 844 654 904; x_wconf 84' lang='lat' dir='ltr'>gradatio</span> <span class='ocrx_word' id='word_1_64' title='bbox 680 845 898 903; x_wconf 75' lang='lat' dir='ltr'>quaedam,</span> <span class='ocrx_word' id='word_1_65' title='bbox 928 855 969 888; x_wconf 92' lang='lat' dir='ltr'>et</span> <span class='ocrx_word' id='word_1_66' title='bbox 1001 847 1243 899; x_wconf 82' lang='lat' dir='ltr'>conversio,</span> <span class='ocrx_word' id='word_1_67' title='bbox 1271 855 1311 889; x_wconf 87' lang='lat' dir='ltr'>et</span> <span class='ocrx_word' id='word_1_68' title='bbox 1338 848 1488 890; x_wconf 87' lang='lat' dir='ltr'>verbo-</span> 
     </span>
     <span class='ocr_line' id='line_1_10' title="bbox 146 925 1489 983; baseline 0.002 -17"><span class='ocrx_word' id='word_1_69' title='bbox 146 940 241 966; x_wconf 91' lang='lat' dir='ltr'>rum</span> <span class='ocrx_word' id='word_1_70' title='bbox 265 925 473 967; x_wconf 89' lang='lat' dir='ltr'>concinna</span> <span class='ocrx_word' id='word_1_71' title='bbox 487 926 785 983; x_wconf 84' lang='lat' dir='ltr'>transgressio,</span> <span class='ocrx_word' id='word_1_72' title='bbox 799 935 841 966; x_wconf 89' lang='lat' dir='ltr'>et</span> <span class='ocrx_word' id='word_1_73' title='bbox 856 925 1140 979; x_wconf 87' lang='lat' dir='ltr'>contrarium,</span> <span class='ocrx_word' id='word_1_74' title='bbox 1155 935 1197 967; x_wconf 93' lang='lat' dir='ltr'>et</span> <span class='ocrx_word' id='word_1_75' title='bbox 1218 926 1489 980; x_wconf 85' lang='lat' dir='ltr'>dissolutum,</span> 
     </span>
     <span class='ocr_line' id='line_1_11' title="bbox 147 1002 1492 1062; baseline 0.002 -17"><span class='ocrx_word' id='word_1_76' title='bbox 147 1012 188 1045; x_wconf 87' lang='lat' dir='ltr'>et</span> <span class='ocrx_word' id='word_1_77' title='bbox 208 1002 458 1055; x_wconf 75' lang='lat' dir='ltr'>declinatio,</span> <span class='ocrx_word' id='word_1_78' title='bbox 480 1013 522 1046; x_wconf 88' lang='lat' dir='ltr'>et</span> <span class='ocrx_word' id='word_1_79' title='bbox 543 1003 841 1062; x_wconf 79' lang='lat' dir='ltr'>reprehensio,</span> <span class='ocrx_word' id='word_1_80' title='bbox 865 1013 906 1046; x_wconf 88' lang='lat' dir='ltr'>et</span> <span class='ocrx_word' id='word_1_81' title='bbox 934 1003 1204 1057; x_wconf 80' lang='lat' dir='ltr'>exclamatio,</span> <span class='ocrx_word' id='word_1_82' title='bbox 1227 1014 1269 1047; x_wconf 91' lang='lat' dir='ltr'>et</span> <span class='ocrx_word' id='word_1_83' title='bbox 1297 1006 1492 1048; x_wconf 90' lang='lat' dir='ltr'>imminu-</span> 
     </span>
     <span class='ocr_line' id='line_1_12' title="bbox 150 1081 1492 1143; baseline 0.003 -20"><span class='ocrx_word' id='word_1_84' title='bbox 150 1082 234 1136; x_wconf 85' lang='lat' dir='ltr'>tio,</span> <span class='ocrx_word' id='word_1_85' title='bbox 259 1091 300 1124; x_wconf 89' lang='lat' dir='ltr'>et</span> <span class='ocrx_word' id='word_1_86' title='bbox 326 1081 443 1141; x_wconf 90' lang='lat' dir='ltr'>quod</span> <span class='ocrx_word' id='word_1_87' title='bbox 475 1083 518 1124; x_wconf 91' lang='lat' dir='ltr'>in</span> <span class='ocrx_word' id='word_1_88' title='bbox 545 1081 689 1125; x_wconf 88' lang='lat' dir='ltr'>multis</span> <span class='ocrx_word' id='word_1_89' title='bbox 718 1083 884 1126; x_wconf 84' lang='lat' dir='ltr'>casibus</span> <span class='ocrx_word' id='word_1_90' title='bbox 912 1084 1102 1142; x_wconf 88' lang='lat' dir='ltr'>ponitur,</span> <span class='ocrx_word' id='word_1_91' title='bbox 1130 1093 1172 1126; x_wconf 87' lang='lat' dir='ltr'>et</span> <span class='ocrx_word' id='word_1_92' title='bbox 1194 1084 1308 1143; x_wconf 89' lang='lat' dir='ltr'>quod</span> <span class='ocrx_word' id='word_1_93' title='bbox 1331 1085 1382 1127; x_wconf 91' lang='lat' dir='ltr'>de</span> <span class='ocrx_word' id='word_1_94' title='bbox 1409 1087 1492 1127; x_wconf 90' lang='lat' dir='ltr'>sin-</span> 
     </span>
     <span class='ocr_line' id='line_1_13' title="bbox 147 1159 1491 1223; baseline 0.003 -21"><span class='ocrx_word' id='word_1_95' title='bbox 147 1159 256 1219; x_wconf 80' lang='lat' dir='ltr'>gulis</span> <span class='ocrx_word' id='word_1_96' title='bbox 307 1161 434 1204; x_wconf 89' lang='lat' dir='ltr'>rebus</span> <span class='ocrx_word' id='word_1_97' title='bbox 474 1162 704 1220; x_wconf 87' lang='lat' dir='ltr'>propositis</span> <span class='ocrx_word' id='word_1_98' title='bbox 740 1161 946 1216; x_wconf 88' lang='lat' dir='ltr'>ductum,</span> <span class='ocrx_word' id='word_1_99' title='bbox 983 1162 1166 1206; x_wconf 88' lang='lat' dir='ltr'>refertur</span> <span class='ocrx_word' id='word_1_100' title='bbox 1211 1162 1264 1205; x_wconf 81' lang='lat' dir='ltr'>ad</span> <span class='ocrx_word' id='word_1_101' title='bbox 1302 1163 1491 1223; x_wconf 85' lang='lat' dir='ltr'>singula,</span> 
     </span>
     <span class='ocr_line' id='line_1_14' title="bbox 146 1238 1492 1299; baseline 0.002 -17"><span class='ocrx_word' id='word_1_102' title='bbox 146 1248 188 1282; x_wconf 88' lang='lat' dir='ltr'>et</span> <span class='ocrx_word' id='word_1_103' title='bbox 223 1238 276 1282; x_wconf 84' lang='lat' dir='ltr'>ad</span> <span class='ocrx_word' id='word_1_104' title='bbox 300 1240 569 1299; x_wconf 90' lang='lat' dir='ltr'>propositum</span> <span class='ocrx_word' id='word_1_105' title='bbox 598 1240 789 1298; x_wconf 87' lang='lat' dir='ltr'>subjecta</span> <span class='ocrx_word' id='word_1_106' title='bbox 815 1242 944 1295; x_wconf 85' lang='lat' dir='ltr'>ratio,</span> <span class='ocrx_word' id='word_1_107' title='bbox 974 1251 1015 1284; x_wconf 89' lang='lat' dir='ltr'>et</span> <span class='ocrx_word' id='word_1_108' title='bbox 1050 1243 1152 1284; x_wconf 91' lang='lat' dir='ltr'>item</span> <span class='ocrx_word' id='word_1_109' title='bbox 1180 1243 1223 1284; x_wconf 84' lang='lat' dir='ltr'>in</span> <span class='ocrx_word' id='word_1_110' title='bbox 1253 1242 1492 1286; x_wconf 82' lang='lat' dir='ltr'>distributis</span> 
     </span>
     <span class='ocr_line' id='line_1_15' title="bbox 149 1320 1493 1378; baseline 0.003 -17"><span class='ocrx_word' id='word_1_111' title='bbox 149 1320 367 1378; x_wconf 87' lang='lat' dir='ltr'>supposita</span> <span class='ocrx_word' id='word_1_112' title='bbox 392 1320 522 1374; x_wconf 77' lang='lat' dir='ltr'>ratio,</span> <span class='ocrx_word' id='word_1_113' title='bbox 546 1329 587 1362; x_wconf 86' lang='lat' dir='ltr'>et</span> <span class='ocrx_word' id='word_1_114' title='bbox 610 1321 850 1378; x_wconf 83' lang='lat' dir='ltr'>permissio,</span> <span class='ocrx_word' id='word_1_115' title='bbox 879 1329 919 1362; x_wconf 89' lang='lat' dir='ltr'>et</span> <span class='ocrx_word' id='word_1_116' title='bbox 954 1337 1125 1363; x_wconf 87' lang='lat' dir='ltr'>rursum</span> <span class='ocrx_word' id='word_1_117' title='bbox 1152 1320 1234 1364; x_wconf 83' lang='lat' dir='ltr'>alia</span> <span class='ocrx_word' id='word_1_118' title='bbox 1257 1321 1493 1375; x_wconf 85' lang='lat' dir='ltr'>dubitatio,</span> 
     </span>
     <span class='ocr_line' id='line_1_16' title="bbox 147 1398 1491 1458; baseline 0.001 -17"><span class='ocrx_word' id='word_1_119' title='bbox 147 1408 189 1441; x_wconf 91' lang='lat' dir='ltr'>et</span> <span class='ocrx_word' id='word_1_120' title='bbox 206 1399 487 1458; x_wconf 89' lang='lat' dir='ltr'>improvisum</span> <span class='ocrx_word' id='word_1_121' title='bbox 511 1398 737 1458; x_wconf 86' lang='lat' dir='ltr'>quiddam,</span> <span class='ocrx_word' id='word_1_122' title='bbox 760 1408 801 1441; x_wconf 85' lang='lat' dir='ltr'>et</span> <span class='ocrx_word' id='word_1_123' title='bbox 823 1399 1129 1455; x_wconf 87' lang='lat' dir='ltr'>dinumeratio,</span> <span class='ocrx_word' id='word_1_124' title='bbox 1155 1410 1196 1442; x_wconf 88' lang='lat' dir='ltr'>et</span> <span class='ocrx_word' id='word_1_125' title='bbox 1219 1399 1301 1442; x_wconf 87' lang='lat' dir='ltr'>alia</span> <span class='ocrx_word' id='word_1_126' title='bbox 1322 1416 1491 1443; x_wconf 90' lang='lat' dir='ltr'>correc-</span> 
     </span>
     <span class='ocr_line' id='line_1_17' title="bbox 151 1477 1494 1539; baseline 0.002 -20"><span class='ocrx_word' id='word_1_127' title='bbox 151 1478 229 1531; x_wconf 92' lang='lat' dir='ltr'>tio,</span> <span class='ocrx_word' id='word_1_128' title='bbox 251 1487 294 1520; x_wconf 91' lang='lat' dir='ltr'>et</span> <span class='ocrx_word' id='word_1_129' title='bbox 308 1477 548 1536; x_wconf 89' lang='lat' dir='ltr'>dissipatio,</span> <span class='ocrx_word' id='word_1_130' title='bbox 572 1487 613 1520; x_wconf 89' lang='lat' dir='ltr'>et</span> <span class='ocrx_word' id='word_1_131' title='bbox 634 1478 750 1536; x_wconf 92' lang='lat' dir='ltr'>quod</span> <span class='ocrx_word' id='word_1_132' title='bbox 776 1479 1096 1533; x_wconf 87' lang='lat' dir='ltr'>continuatum,</span> <span class='ocrx_word' id='word_1_133' title='bbox 1122 1488 1163 1521; x_wconf 87' lang='lat' dir='ltr'>et</span> <span class='ocrx_word' id='word_1_134' title='bbox 1183 1480 1494 1539; x_wconf 88' lang='lat' dir='ltr'>interruptum,</span> 
     </span>
     <span class='ocr_line' id='line_1_18' title="bbox 148 1556 1495 1617; baseline 0.001 -18"><span class='ocrx_word' id='word_1_135' title='bbox 148 1566 189 1599; x_wconf 85' lang='lat' dir='ltr'>et</span> <span class='ocrx_word' id='word_1_136' title='bbox 221 1558 382 1617; x_wconf 86' lang='lat' dir='ltr'>imago,</span> <span class='ocrx_word' id='word_1_137' title='bbox 419 1566 461 1599; x_wconf 92' lang='lat' dir='ltr'>et</span> <span class='ocrx_word' id='word_1_138' title='bbox 487 1556 566 1599; x_wconf 91' lang='lat' dir='ltr'>sibi</span> <span class='ocrx_word' id='word_1_139' title='bbox 599 1557 679 1615; x_wconf 89' lang='lat' dir='ltr'>ipsi</span> <span class='ocrx_word' id='word_1_140' title='bbox 712 1558 950 1615; x_wconf 91' lang='lat' dir='ltr'>responsio,</span> <span class='ocrx_word' id='word_1_141' title='bbox 982 1567 1025 1599; x_wconf 87' lang='lat' dir='ltr'>et</span> <span class='ocrx_word' id='word_1_142' title='bbox 1054 1558 1320 1612; x_wconf 87' lang='lat' dir='ltr'>immutatio,</span> <span class='ocrx_word' id='word_1_143' title='bbox 1344 1568 1386 1600; x_wconf 92' lang='lat' dir='ltr'>et</span> <span class='ocrx_word' id='word_1_144' title='bbox 1409 1558 1495 1601; x_wconf 85' lang='lat' dir='ltr'>dis-</span> 
     </span>
     <span class='ocr_line' id='line_1_19' title="bbox 144 1633 1498 1696; baseline 0 -17"><span class='ocrx_word' id='word_1_145' title='bbox 144 1636 327 1694; x_wconf 87' lang='lat' dir='ltr'>junctio,</span> <span class='ocrx_word' id='word_1_146' title='bbox 351 1644 393 1677; x_wconf 86' lang='lat' dir='ltr'>et</span> <span class='ocrx_word' id='word_1_147' title='bbox 412 1636 538 1687; x_wconf 86' lang='lat' dir='ltr'>ordo,</span> <span class='ocrx_word' id='word_1_148' title='bbox 565 1644 606 1676; x_wconf 90' lang='lat' dir='ltr'>ct</span> <span class='ocrx_word' id='word_1_149' title='bbox 625 1633 802 1688; x_wconf 88' lang='lat' dir='ltr'>relatio,</span> <span class='ocrx_word' id='word_1_150' title='bbox 826 1643 867 1676; x_wconf 90' lang='lat' dir='ltr'>et</span> <span class='ocrx_word' id='word_1_151' title='bbox 887 1634 1120 1693; x_wconf 81' lang='lat' dir='ltr'>degressio,</span> <span class='ocrx_word' id='word_1_152' title='bbox 1141 1645 1183 1677; x_wconf 88' lang='lat' dir='ltr'>et</span> <span class='ocrx_word' id='word_1_153' title='bbox 1204 1637 1498 1696; x_wconf 83' lang='lat' dir='ltr'>circumscrip-</span> 
     </span>
     <span class='ocr_line' id='line_1_20' title="bbox 152 1712 1496 1774; baseline 0.001 -17"><span class='ocrx_word' id='word_1_154' title='bbox 152 1717 223 1758; x_wconf 85' lang='lat' dir='ltr'>tio.</span> <span class='ocrx_word' id='word_1_155' title='bbox 248 1718 347 1757; x_wconf 86' lang='lat' dir='ltr'>Haec</span> <span class='ocrx_word' id='word_1_156' title='bbox 367 1714 480 1756; x_wconf 90' lang='lat' dir='ltr'>enim</span> <span class='ocrx_word' id='word_1_157' title='bbox 504 1721 604 1756; x_wconf 87' lang='lat' dir='ltr'>sunt</span> <span class='ocrx_word' id='word_1_158' title='bbox 627 1712 732 1766; x_wconf 89' lang='lat' dir='ltr'>fere,</span> <span class='ocrx_word' id='word_1_159' title='bbox 755 1721 884 1770; x_wconf 88' lang='lat' dir='ltr'>atque</span> <span class='ocrx_word' id='word_1_160' title='bbox 907 1712 1063 1754; x_wconf 88' lang='lat' dir='ltr'>horum</span> <span class='ocrx_word' id='word_1_161' title='bbox 1089 1713 1243 1756; x_wconf 89' lang='lat' dir='ltr'>similia</span> <span class='ocrx_word' id='word_1_162' title='bbox 1265 1713 1352 1774; x_wconf 83' lang='lat' dir='ltr'>(vel</span> <span class='ocrx_word' id='word_1_163' title='bbox 1375 1714 1496 1774; x_wconf 86' lang='lat' dir='ltr'>plura</span> 
     </span>
     <span class='ocr_line' id='line_1_21' title="bbox 151 1791 1499 1852; baseline 0 -15"><span class='ocrx_word' id='word_1_164' title='bbox 151 1795 280 1837; x_wconf 88' lang='lat' dir='ltr'>etiam</span> <span class='ocrx_word' id='word_1_165' title='bbox 303 1809 393 1837; x_wconf 86' lang='lat' dir='ltr'>esse</span> <span class='ocrx_word' id='word_1_166' title='bbox 420 1791 649 1852; x_wconf 78' lang='lat' dir='ltr'>possunt),</span> <span class='ocrx_word' id='word_1_167' title='bbox 686 1806 779 1849; x_wconf 85' lang='lat' dir='ltr'>quae</span> <span class='ocrx_word' id='word_1_168' title='bbox 801 1791 1021 1833; x_wconf 86' lang='lat' dir='ltr'>sententiis</span> <span class='ocrx_word' id='word_1_169' title='bbox 1057 1793 1320 1849; x_wconf 87' lang='lat' dir='ltr'>orationem,</span> <span class='ocrx_word' id='word_1_170' title='bbox 1350 1794 1499 1837; x_wconf 85' lang='lat' dir='ltr'>verbo-</span> 
     </span>
     <span class='ocr_line' id='line_1_22' title="bbox 152 1869 1048 1933; baseline -0.002 -17"><span class='ocrx_word' id='word_1_171' title='bbox 152 1889 334 1933; x_wconf 86' lang='lat' dir='ltr'>rumque</span> <span class='ocrx_word' id='word_1_172' title='bbox 355 1870 767 1916; x_wconf 87' lang='lat' dir='ltr'>conformationibus</span> <span class='ocrx_word' id='word_1_173' title='bbox 795 1869 1048 1914; x_wconf 88' lang='lat' dir='ltr'>illuminent.</span> 
     </span>
    </p>

    <p class='ocr_par' dir='ltr' id='par_1_4' title="bbox 154 1949 1501 2327">
     <span class='ocr_line' id='line_1_23' title="bbox 213 1949 1498 2009; baseline 0 -14"><span class='ocrx_word' id='word_1_174' title='bbox 213 1954 303 1995; x_wconf 89' lang='lat' dir='ltr'>LV.</span> <span class='ocrx_word' id='word_1_175' title='bbox 322 1953 504 2008; x_wconf 86' lang='lat' dir='ltr'>—Quae</span> <span class='ocrx_word' id='word_1_176' title='bbox 530 1949 702 2009; x_wconf 85' lang='lat' dir='ltr'>quidem</span> <span class='ocrx_word' id='word_1_177' title='bbox 729 1959 787 2005; x_wconf 89' lang='lat' dir='ltr'>te,</span> <span class='ocrx_word' id='word_1_178' title='bbox 815 1952 989 2004; x_wconf 87' lang='lat' dir='ltr'>Crasse,</span> <span class='ocrx_word' id='word_1_179' title='bbox 1010 1949 1153 2005; x_wconf 80' lang='lat' dir='ltr'>video,</span> <span class='ocrx_word' id='word_1_180' title='bbox 1179 1952 1319 2009; x_wconf 88' lang='lat' dir='ltr'>inquit</span> <span class='ocrx_word' id='word_1_181' title='bbox 1346 1954 1470 1995; x_wconf 86' lang='lat' dir='ltr'>Cotta</span> <span class='ocrx_word' id='word_1_182' title='bbox 1487 1986 1498 2007; x_wconf 94' lang='lat'>,</span> 
     </span>
     <span class='ocr_line' id='line_1_24' title="bbox 154 2029 1500 2091; baseline 0 -18"><span class='ocrx_word' id='word_1_183' title='bbox 154 2032 270 2091; x_wconf 88' lang='lat' dir='ltr'>quod</span> <span class='ocrx_word' id='word_1_184' title='bbox 293 2041 396 2075; x_wconf 87' lang='lat' dir='ltr'>nota</span> <span class='ocrx_word' id='word_1_185' title='bbox 418 2046 509 2074; x_wconf 90' lang='lat' dir='ltr'>esse</span> <span class='ocrx_word' id='word_1_186' title='bbox 534 2029 656 2072; x_wconf 88' lang='lat' dir='ltr'>nobis</span> <span class='ocrx_word' id='word_1_187' title='bbox 679 2038 802 2088; x_wconf 86' lang='lat' dir='ltr'>putes</span> <span class='ocrx_word' id='word_1_188' title='bbox 819 2063 830 2082; x_wconf 94' lang='lat'>,</span> <span class='ocrx_word' id='word_1_189' title='bbox 856 2030 944 2072; x_wconf 91' lang='lat' dir='ltr'>sine</span> <span class='ocrx_word' id='word_1_190' title='bbox 979 2030 1323 2086; x_wconf 88' lang='lat' dir='ltr'>definitionibus,</span> <span class='ocrx_word' id='word_1_191' title='bbox 1348 2041 1389 2074; x_wconf 88' lang='lat' dir='ltr'>et</span> <span class='ocrx_word' id='word_1_192' title='bbox 1411 2033 1500 2073; x_wconf 90' lang='lat' dir='ltr'>sine</span> 
     </span>
     <span class='ocr_line' id='line_1_25' title="bbox 155 2110 1501 2171; baseline -0.001 -17"><span class='ocrx_word' id='word_1_193' title='bbox 155 2111 357 2171; x_wconf 81' lang='lat' dir='ltr'>exemplis</span> <span class='ocrx_word' id='word_1_194' title='bbox 381 2110 772 2169; x_wconf 86' lang='lat' dir='ltr'>effudisse.——Ego</span> <span class='ocrx_word' id='word_1_195' title='bbox 798 2125 898 2152; x_wconf 88' lang='lat' dir='ltr'>vero</span> <span class='ocrx_word' id='word_1_196' title='bbox 915 2143 926 2164; x_wconf 97' lang='lat'>,</span> <span class='ocrx_word' id='word_1_197' title='bbox 954 2111 1094 2169; x_wconf 92' lang='lat' dir='ltr'>inquit</span> <span class='ocrx_word' id='word_1_198' title='bbox 1121 2112 1318 2165; x_wconf 83' lang='lat' dir='ltr'>Crassus,</span> <span class='ocrx_word' id='word_1_199' title='bbox 1343 2127 1396 2153; x_wconf 89' lang='lat' dir='ltr'>ne</span> <span class='ocrx_word' id='word_1_200' title='bbox 1429 2110 1501 2154; x_wconf 90' lang='lat' dir='ltr'>illa</span> 
     </span>
     <span class='ocr_line' id='line_1_26' title="bbox 157 2189 1500 2251; baseline -0.001 -17"><span class='ocrx_word' id='word_1_201' title='bbox 157 2191 348 2251; x_wconf 87' lang='lat' dir='ltr'>quidem,</span> <span class='ocrx_word' id='word_1_202' title='bbox 385 2206 478 2249; x_wconf 86' lang='lat' dir='ltr'>quae</span> <span class='ocrx_word' id='word_1_203' title='bbox 513 2206 641 2249; x_wconf 87' lang='lat' dir='ltr'>supra</span> <span class='ocrx_word' id='word_1_204' title='bbox 674 2189 784 2242; x_wconf 84' lang='lat' dir='ltr'>dixi,</span> <span class='ocrx_word' id='word_1_205' title='bbox 824 2205 934 2232; x_wconf 89' lang='lat' dir='ltr'>nova</span> <span class='ocrx_word' id='word_1_206' title='bbox 968 2189 1088 2232; x_wconf 89' lang='lat' dir='ltr'>vobis</span> <span class='ocrx_word' id='word_1_207' title='bbox 1123 2205 1212 2233; x_wconf 89' lang='lat' dir='ltr'>esse</span> <span class='ocrx_word' id='word_1_208' title='bbox 1247 2190 1500 2246; x_wconf 83' lang='lat' dir='ltr'>arbitrabar,</span> 
     </span>
     <span class='ocr_line' id='line_1_27' title="bbox 158 2269 1046 2327; baseline -0.005 -12"><span class='ocrx_word' id='word_1_209' title='bbox 158 2272 230 2315; x_wconf 87' lang='lat' dir='ltr'>sed</span> <span class='ocrx_word' id='word_1_210' title='bbox 250 2270 461 2314; x_wconf 86' lang='lat' dir='ltr'>voluntati</span> <span class='ocrx_word' id='word_1_211' title='bbox 485 2280 672 2313; x_wconf 83' lang='lat' dir='ltr'>vestrum</span> <span class='ocrx_word' id='word_1_212' title='bbox 694 2269 885 2312; x_wconf 88' lang='lat' dir='ltr'>omnium</span> <span class='ocrx_word' id='word_1_213' title='bbox 911 2270 1046 2327; x_wconf 88' lang='lat' dir='ltr'>parui.</span> 
     </span>
    </p>

    <p class='ocr_par' dir='ltr' id='par_1_5' title="bbox 159 2345 1506 2644">
     <span class='ocr_line' id='line_1_28' title="bbox 220 2345 1503 2402; baseline -0.002 -10"><span class='ocrx_word' id='word_1_214' title='bbox 220 2351 296 2392; x_wconf 85' lang='lat' dir='ltr'>His</span> <span class='ocrx_word' id='word_1_215' title='bbox 317 2358 458 2392; x_wconf 89' lang='lat' dir='ltr'>autem</span> <span class='ocrx_word' id='word_1_216' title='bbox 489 2347 541 2390; x_wconf 92' lang='lat' dir='ltr'>de</span> <span class='ocrx_word' id='word_1_217' title='bbox 576 2348 702 2391; x_wconf 88' lang='lat' dir='ltr'>rebus</span> <span class='ocrx_word' id='word_1_218' title='bbox 723 2346 783 2390; x_wconf 92' lang='lat' dir='ltr'>sol</span> <span class='ocrx_word' id='word_1_219' title='bbox 808 2363 874 2390; x_wconf 88' lang='lat' dir='ltr'>me</span> <span class='ocrx_word' id='word_1_220' title='bbox 899 2345 968 2390; x_wconf 91' lang='lat' dir='ltr'>ille</span> <span class='ocrx_word' id='word_1_221' title='bbox 992 2346 1236 2402; x_wconf 76' lang='lat' dir='ltr'>admonuit,</span> <span class='ocrx_word' id='word_1_222' title='bbox 1265 2358 1312 2391; x_wconf 91' lang='lat' dir='ltr'>ut</span> <span class='ocrx_word' id='word_1_223' title='bbox 1333 2348 1503 2391; x_wconf 83' lang='lat' dir='ltr'>brevior</span> 
     </span>
     <span class='ocr_line' id='line_1_29' title="bbox 159 2427 1506 2486; baseline -0.001 -14"><span class='ocrx_word' id='word_1_224' title='bbox 159 2445 313 2483; x_wconf 91' lang='lat' dir='ltr'>essem,</span> <span class='ocrx_word' id='word_1_225' title='bbox 339 2428 412 2486; x_wconf 89' lang='lat' dir='ltr'>qui</span> <span class='ocrx_word' id='word_1_226' title='bbox 446 2428 534 2486; x_wconf 89' lang='lat' dir='ltr'>ipse</span> <span class='ocrx_word' id='word_1_227' title='bbox 558 2427 644 2485; x_wconf 86' lang='lat' dir='ltr'>jam</span> <span class='ocrx_word' id='word_1_228' title='bbox 668 2427 960 2486; x_wconf 82' lang='lat' dir='ltr'>praecipitans,</span> <span class='ocrx_word' id='word_1_229' title='bbox 985 2442 1052 2469; x_wconf 90' lang='lat' dir='ltr'>me</span> <span class='ocrx_word' id='word_1_230' title='bbox 1082 2443 1254 2485; x_wconf 88' lang='lat' dir='ltr'>quoque</span> <span class='ocrx_word' id='word_1_231' title='bbox 1282 2428 1371 2470; x_wconf 79' lang='lat' dir='ltr'>haec</span> <span class='ocrx_word' id='word_1_232' title='bbox 1399 2444 1506 2486; x_wconf 85' lang='lat' dir='ltr'>prae-</span> 
     </span>
     <span class='ocr_line' id='line_1_30' title="bbox 162 2504 1506 2567; baseline -0.001 -17"><span class='ocrx_word' id='word_1_233' title='bbox 162 2508 334 2567; x_wconf 87' lang='lat' dir='ltr'>cipitem</span> <span class='ocrx_word' id='word_1_234' title='bbox 360 2521 477 2565; x_wconf 83' lang='lat' dir='ltr'>paene</span> <span class='ocrx_word' id='word_1_235' title='bbox 504 2504 699 2547; x_wconf 88' lang='lat' dir='ltr'>evolvere</span> <span class='ocrx_word' id='word_1_236' title='bbox 724 2505 876 2563; x_wconf 84' lang='lat' dir='ltr'>coegit.</span> <span class='ocrx_word' id='word_1_237' title='bbox 917 2505 1000 2547; x_wconf 91' lang='lat' dir='ltr'>Sed</span> <span class='ocrx_word' id='word_1_238' title='bbox 1022 2515 1165 2549; x_wconf 85' lang='lat' dir='ltr'>tamen</span> <span class='ocrx_word' id='word_1_239' title='bbox 1186 2507 1312 2564; x_wconf 86' lang='lat' dir='ltr'>hujus</span> <span class='ocrx_word' id='word_1_240' title='bbox 1339 2506 1506 2564; x_wconf 86' lang='lat' dir='ltr'>generis</span> 
     </span>
     <span class='ocr_line' id='line_1_31' title="bbox 161 2581 1506 2644; baseline -0.003 -15"><span class='ocrx_word' id='word_1_241' title='bbox 161 2585 467 2629; x_wconf 87' lang='lat' dir='ltr'>demonstratio</span> <span class='ocrx_word' id='word_1_242' title='bbox 487 2592 575 2638; x_wconf 89' lang='lat' dir='ltr'>est,</span> <span class='ocrx_word' id='word_1_243' title='bbox 595 2591 636 2625; x_wconf 91' lang='lat' dir='ltr'>et</span> <span class='ocrx_word' id='word_1_244' title='bbox 661 2581 857 2626; x_wconf 87' lang='lat' dir='ltr'>doctrina</span> <span class='ocrx_word' id='word_1_245' title='bbox 880 2583 991 2642; x_wconf 88' lang='lat' dir='ltr'>ipsa,</span> <span class='ocrx_word' id='word_1_246' title='bbox 1017 2582 1222 2644; x_wconf 82' lang='lat' dir='ltr'>vulgaris3</span> <span class='ocrx_word' id='word_1_247' title='bbox 1246 2598 1346 2625; x_wconf 89' lang='lat' dir='ltr'>usus</span> <span class='ocrx_word' id='word_1_248' title='bbox 1365 2591 1506 2626; x_wconf 88' lang='lat' dir='ltr'>autem</span> 
     </span>
    </p>
   </div>
   <div class='ocr_carea' id='block_1_3' title="bbox 365 2660 1330 2706">
    <p class='ocr_par' dir='ltr' id='par_1_6' title="bbox 365 2660 1330 2706">
     <span class='ocr_line' id='line_1_32' title="bbox 365 2660 1330 2706; baseline -0.002 -1"><span class='ocrx_word' id='word_1_249' title='bbox 365 2680 408 2706; x_wconf 81' lang='grc' dir='ltr'>ιι.</span> <span class='ocrx_word' id='word_1_250' title='bbox 1279 2660 1330 2703; x_wconf 83' lang='grc'>18</span> 
     </span>
    </p>
   </div>
  </div>
 </body>
</html>
