1843 3166
598 205 987 242 ADNOTATIONES.
1390 207 1463 244 235

580 382 750 425 LIBER
782 383 1016 426 PRIMUS.

176 585 300 621 CAPUT
325 584 353 619 1.
381 581 564 630 Cogitanti
591 581 694 616 mihi.
719 581 923 616 Exordium
947 582 1018 616 hoc
1043 593 1145 616 casus
1168 580 1354 617 Ciceronis
1377 594 1473 629 prae—

123 645 233 690 fatur,
256 651 291 680 et
309 656 432 679 causas
456 642 567 689 hujus
586 642 757 678 institutae
777 642 1006 689 scriptionis,
1026 649 1062 677 et
1080 642 1299 689 eloquentiae
1325 644 1470 691 magni-

124 705 307 749 tudinem,
333 711 369 739 et
387 702 658 748 difficultatem3
678 702 899 750 tandemque
925 703 1044 738 innuit
1068 702 1285 738 doctissimis
1306 704 1470 739 homini—

123 766 192 801 bus
227 765 403 809 romanis,
434 766 557 800 locum
584 764 663 799 fore
692 764 730 799 in
760 764 933 810 proximo
964 763 1112 812 dialogo
1152 777 1160 798 ε
1201 764 1328 800 Cicero
1360 764 1473 813 igitur

123 832 385 861 commemorat
405 826 565 873 primum
589 838 689 860 suam
709 825 746 860 in
764 824 953 871 republica
971 825 1156 860 fortunam
1171 825 1369 861 adversam.
1391 828 1473 873 Ipse

123 886 219 922 enim
236 886 331 921 circa
350 898 406 920 an.
427 886 539 921 aetatis
558 898 628 920 suae
651 884 773 920 25-26
786 913 795 929 ,
815 885 882 920 sub
903 886 999 932 Sylla
1018 885 1198 931 stipendia
1221 886 1364 920 meruit.
1389 888 1473 931 Quo

123 954 287 994 tempore
311 954 411 981 tanta
429 947 498 982 fuit
522 946 752 993 perturbatio
771 945 902 980 veteris
929 945 1146 991 disciplinae,
1167 951 1208 979 ut
1234 946 1329 980 salus
1355 953 1390 980 et
1412 946 1473 980 di-

123 1007 241 1055 gnitas
265 1007 475 1053 reipublicae
506 1006 544 1041 in
564 1013 787 1053 perpetuum
817 1006 958 1040 sublata
986 1005 1186 1049 videretur,
1213 1012 1248 1040 et
1279 1005 1407 1040 incidit
1436 1006 1473 1040 in

121 1068 299 1102 maximos
316 1074 457 1111 motus,
475 1079 587 1114 quos,
609 1079 653 1102 ex
672 1079 736 1102 sua
754 1073 876 1113 parte,
899 1073 934 1101 et
961 1073 1140 1113 quantum
1162 1066 1305 1113 potuit,
1328 1078 1474 1113 repres-

122 1128 168 1162 sit
195 1127 424 1163 orationihus
438 1127 483 1162 de
508 1128 586 1175 lege
613 1127 772 1176 agraria,
792 1127 838 1162 de
858 1126 981 1162 liberis
1004 1126 1318 1173 proscriptorum,
1343 1133 1379 1161 et
1404 1127 1475 1162 ad-

121 1202 247 1225 versus
259 1189 469 1233 Catilinam3
489 1196 541 1234 et,
564 1196 648 1236 post
667 1189 913 1232 consulatum,
932 1201 1047 1235 quum
1065 1187 1269 1222 inimicitias
1293 1199 1375 1223 cum
1395 1189 1476 1223 Cae-

123 1262 218 1294 sare,
253 1250 424 1293 Vatinio,
455 1249 608 1293 Clodio,
647 1256 815 1297 gereret,
849 1248 1026 1284 Clodiana
1060 1248 1218 1283 factione
1258 1248 1398 1293 victus,
1436 1249 1474 1282 in

122 1310 288 1346 exsilium
308 1310 436 1356 pulsus
457 1316 520 1344 est.
547 1311 646 1344 Anu.
673 1322 752 1344 TAL.

175 1372 274 1405 Nam
289 1371 414 1417 prima
436 1378 544 1404 oetate
564 1370 764 1404 incidimus.
789 1371 833 1404 A.
857 1371 902 1405 U.
923 1369 962 1404 C.
983 1368 1070 1413 667,
1093 1381 1208 1415 quum
1227 1368 1368 1403 Tullius
1387 1380 1475 1415 age-

123 1439 179 1468 ret
214 1432 430 1480 vigesimum
459 1443 615 1475 annum,
646 1441 812 1466 exarsere
842 1430 938 1464 bella
966 1429 1082 1463 civilia
1121 1428 1262 1472 Cinnae,
1298 1428 1408 1463 Marii
1443 1436 1479 1463 et

123 1493 247 1540 Syllae,
277 1492 364 1539 qui,
389 1498 517 1526 contra
537 1490 734 1537 pristinum
751 1501 913 1534 morem,
936 1501 1110 1536 oppressa
1133 1488 1259 1536 patriae
1285 1489 1476 1533 libertate,

122 1552 369 1599 principatum
391 1551 564 1586 invadere
591 1550 791 1585 tentabant.

181 1614 268 1649 Cn.
288 1614 337 1647 ΙΙ.
363 1613 426 1646 Vis
452 1612 568 1652 enim,
595 1618 634 1644 ut
649 1611 742 1644 milii
768 1621 870 1656 soepe
889 1608 1026 1643 dixisti.
1055 1608 1184 1643 Cicero
1212 1608 1320 1652 olim,
1349 1609 1477 1644 adole·-

126 1676 329 1717 scentulus,
360 1672 428 1707 sub
458 1670 672 1718 vigesimum
686 1681 823 1704 annum
842 1668 971 1713 aetatis,
990 1667 1101 1703 rudes
1126 1668 1407 1703 commentarios
1432 1669 1478 1704 de

126 1735 271 1770 ratione
292 1733 440 1769 dicendi
464 1731 597 1775 edidit,
616 1731 679 1765 vix
696 1731 769 1776 jam
794 1730 980 1766 Ciceronis
999 1729 1094 1764 fama
1113 1737 1148 1764 et
1167 1729 1375 1764 celebritate
1394 1730 1478 1764 satis

127 1796 272 1843 dignos.
290 1796 400 1830 Nunc
426 1805 546 1840 operae
565 1792 727 1839 pretium
746 1798 815 1835 est,
843 1798 900 1835 ut,
926 1790 1003 1837 ipse
1022 1796 1145 1835 aetate,
1164 1797 1200 1825 et
1225 1790 1392 1825 doctrina
1406 1818 1415 1834 ‚
1442 1797 1478 1825 et

127 1869 252 1891 rerum
269 1869 359 1900 usu,
377 1854 594 1901 judicioque
617 1859 832 1900 provectus,
857 1851 994 1898 politos
1011 1851 1126 1897 magis
1145 1857 1180 1885 et
1203 1851 1368 1885 eruditos
1386 1863 1477 1897 pro—

127 1918 228 1952 ferat.
251 1917 378 1952 Rudcs
397 1916 448 1950 illi
468 1922 503 1950 et
521 1914 680 1961 pueriles
699 1912 948 1948 commentarii
968 1919 1052 1946 sunt
1077 1911 1152 1945 duo
1172 1911 1258 1945 libri
1277 1911 1322 1946 de
1346 1911 1475 1945 rheto—

129 1978 203 2014 rica
226 1978 451 2013 inventione.
477 1976 542 2011 His
561 1982 682 2010 autem
704 1974 818 2009 libros
837 1974 882 2008 de
905 1974 1058 2008 Oratore
1076 1971 1265 2007 substituit
1279 1999 1288 2015 ,
1317 1969 1481 2005 omnium

130 2051 233 2083 sane,
261 2039 290 2074 si
318 2037 489 2073 dictionis
516 2036 730 2084 elegantiam
760 2041 920 2081 spectes,
944 2031 1340 2081 magnificentissimos,
1361 2037 1396 2066 et
1415 2043 1480 2065 or—

130 2099 353 2144 natissimos,
371 2099 411 2133 in
431 2098 566 2145 quibus
588 2103 716 2131 orator
737 2095 813 2142 ipse
833 2093 1020 2141 quidquid
1037 2092 1169 2128 habuit
1187 2091 1426 2139 eloquentiae,
1445 2098 1481 2126 et

129 2173 255 2196 rerum
278 2159 455 2204 scientiae,
473 2157 800 2204 humanitatisque,
822 2155 1008 2202 expressit.

185 2221 295 2267 Quod
311 2232 378 2268 ego
388 2220 754 2267 prudentacsimorum
772 2216 969 2251 hominum.
983 2217 1064 2250 Hoc
1077 2221 1129 2249 est
1140 2241 1149 2259 ,
1169 2211 1463 2248 doctissimorum
1474 2239 1484 2255 ‚

132 2282 190 2317 vel
209 2280 265 2331 (ut
282 2283 418 2316 Noster
444 2280 612 2328 loquitur
637 2279 676 2313 in
699 2277 868 2326 sequenti
886 2274 1078 2325 sententia)
1099 2287 1246 2318 eorum,
1272 2274 1336 2321 qui
1348 2273 1486 2307 habent

131 2342 353 2390 elegantiam
390 2342 575 2376 doctrinoe.
609 2339 745 2387 Saepius
775 2338 813 2373 in
848 2339 919 2372 hoc
947 2349 1058 2384 opere
1095 2336 1224 2371 doctos
1256 2333 1415 2377 disertis,
1451 2339 1486 2367 et

131 2404 365 2451 prudentiam
389 2403 606 2450 eloquentiae
626 2401 818 2449 opposuit;
844 2407 879 2434 et
895 2399 954 2434 hic
972 2411 1040 2446 per
1051 2397 1356 2446 prudentissimos
1375 2394 1486 2429 intel-

133 2465 198 2513 ligi
221 2465 340 2499 voluit
378 2477 459 2508 eos,
494 2464 558 2511 qui
583 2463 754 2498 omnibus
779 2461 937 2504 artibus,
969 2459 1104 2495 scilicet
1131 2456 1380 2505 philosophia,
1403 2455 1487 2500 jure

136 2525 258 2569 civili,
282 2532 350 2560 etc.
365 2551 374 2569 ,
402 2524 571 2559 instructi
596 2530 730 2567 essent;
758 2522 807 2557 sic
832 2534 869 2566 1,
895 2526 941 2568 49
975 2534 982 2555 :
1013 2518 1240 2555 «Prudentia
1264 2528 1387 2551 rerum
1409 2526 1487 2549 ma-

144 2595 295 2632 gnarum
332 2585 462 2632 magiS,
481 2597 591 2633 quam
612 2582 757 2619 dicendi
777 2588 853 2616 arte
872 2581 1021 2626 nititur3
1044 2596 1058 2610 n
1078 2581 1101 2615 Ι.
1129 2592 1174 2614 111
1217 2590 1246 2612 c.
1273 2576 1320 2612 35
1349 2589 1357 2609 ε
1384 2572 1487 2606 «Mu-
