1843 3166
371 283 383 304 ι
395 284 411 305 2
878 272 940 307 DE
968 273 1031 307 OR
1041 274 1167 306 :t'l'fflt
1175 273 1200 306 F.

433 353 543 408 Quis
573 355 687 396 enim
721 354 794 396 tibi
826 353 905 397 hoc
935 355 1210 407 concesserit,
1236 364 1311 396 aut
1338 355 1458 396 initio
1484 370 1617 413 genus
1642 354 1718 396 lio-

368 434 534 476 minum
561 434 602 476 in
633 435 852 477 montibus
883 450 931 477 ac
966 434 1083 477 silvis
1115 433 1391 493 dissipatum,
1418 451 1503 477 non
1533 432 1719 492 pruden-

369 513 476 555 tium
500 512 688 556 consiliis
712 513 969 574 conpulsum
995 515 1158 573 potius,
1188 530 1318 573 quam
1343 514 1603 557 disertorum
1629 529 1721 556 ora-

368 592 485 635 tIOne
512 593 762 647 delinitum,
799 611 843 636 se
877 594 1046 654 oppidis
1080 594 1378 652 moenibusque
1411 593 1617 653 sepsisse?
1645 603 1721 636 aut

369 690 470 716 vcro
498 673 682 734 reliquas
716 674 942 728 utilitates,
969 684 1041 717 aut
1079 675 1121 717 in
1155 674 1490 729 constituendis,
1517 684 1592 717 aut
1616 690 1719 717 con·

369 753 587 797 servandis
611 755 857 797 civitatibus
883 772 967 797 non
993 772 1017 797 a
1043 755 1307 814 sapientibus
1326 764 1368 797 et
1391 754 1575 798 fortibus
1600 753 1722 810 viris,

370 833 441 876 sed
466 851 489 876 a
510 833 679 877 disertis
703 845 745 877 et
770 845 920 878 ornate
945 835 1185 878 dicentibus
1210 851 1300 878 csse
1325 833 1608 878 constitutas?

431 915 498 957 An
525 930 627 957 vero
656 915 733 957 tibi
764 914 976 958 Romulus
1013 914 1083 958 ille
1112 925 1186 958 aut
1215 925 1406 974 pastores
1440 924 1479 958 et
1512 930 1724 957 convenas

370 1010 675 1054 congregasse,
702 1005 776 1038 aut
803 995 1064 1038 Sabinorum
1095 996 1312 1038 connubia
1336 995 1627 1053 conjunxisse,
1650 1003 1727 1037 aut

372 1073 654 1116 finitimorum
698 1075 785 1117 vim
829 1076 1079 1134 repressisse
1117 1075 1363 1133 eloquentia
1404 1074 1600 1128 videtur,
1640 1090 1724 1117 non

371 1152 550 1196 consilio
585 1163 628 1196 et
665 1155 874 1213 sapientia
908 1154 1141 1214 singulari?
1176 1154 1297 1211 Quid
1328 1153 1471 1196 enim?
1504 1155 1548 1196 in
1583 1156 1727 1198 Numa

374 1231 611 1292 Pompilio,
634 1233 762 1292 quid?
786 1234 830 1276 in
855 1235 944 1277 Ser.
964 1233 1111 1290 Tullo,
1139 1233 1270 1293 quid?
1295 1234 1338 1276 in
1363 1233 1515 1276 ceteris
1538 1232 1728 1293 regibus,

371 1328 558 1371 quorum
581 1312 716 1356 multa
740 1323 841 1357 sunt
864 1314 1017 1357 eximia
1041 1313 1092 1356 ad
1120 1313 1466 1356 constituendam
1495 1311 1729 1371 rempubli-

372 1408 487 1448 cam,
519 1409 621 1436 num
653 1393 769 1452 quod
805 1393 1062 1453 eloquentiae
1094 1393 1322 1453 vestigium
1352 1391 1560 1452 apparet?
1584 1391 1731 1448 Quid?

375 1474 531 1516 exactis
565 1473 738 1534 regibus
768 1474 964 1535 (tametsi
992 1475 1127 1533 ipsam
1159 1474 1422 1516 exactionem
1450 1482 1620 1528 mente,
1643 1488 1730 1515 non

376 1553 546 1613 lingua,
581 1553 814 1613 perfectam
852 1555 900 1596 L.
936 1554 1057 1596 Bruti
1089 1569 1179 1596 esse
1207 1552 1474 1612 cernimus),
1504 1552 1577 1596 sed
1612 1551 1733 1595 dein-

377 1649 476 1692 ceps
499 1633 662 1688 omnia,
685 1650 830 1676 nonne
855 1632 983 1693 plena
1007 1631 1310 1688 consiliorum,
1336 1633 1480 1676 inania
1500 1633 1730 1676 verborum

377 1711 599 1756 videmus?

439 1795 531 1853 Ego
553 1809 655 1837 vero
684 1793 718 1837 si
743 1793 869 1837 velim
895 1804 937 1836 et
961 1803 1117 1837 nostrae
1142 1794 1328 1837 civitatis
1350 1793 1557 1853 exemplis
1583 1795 1668 1849 uti,
1694 1802 1735 1837 et

378 1871 579 1929 aliarum,
608 1872 732 1933 plura
768 1874 961 1933 proferre
987 1874 1147 1934 possim
1174 1873 1431 1917 detrimenta
1455 1872 1639 1933 publicis
1668 1889 1735 1917 re-

379 1954 478 2009 bus,
501 1969 629 2012 quam
655 1953 925 2012 adjumenta,
950 1970 1026 2013 per
1048 1954 1244 1998 homines
1266 1951 1638 2013 eloquentissimos
1663 1953 1736 1995 im·

380 2042 550 2092 portata
576 2050 585 2075 :
613 2033 705 2087 sed,
735 2044 785 2076 ut
813 2033 979 2092 reliqua
1016 2034 1368 2093 praetermittam,
1406 2033 1599 2076 omnium
1630 2032 1735 2075 mihi

382 2112 550 2168 videor,
577 2114 783 2172 exceptis,
807 2115 979 2167 Crasse,
1005 2114 1126 2156 vobis
1152 2112 1340 2169 duobus,
1366 2112 1737 2172 eloquentissimos

381 2191 550 2235 audisse
572 2194 620 2235 T.
643 2202 684 2235 et
708 2193 757 2236 C.
785 2193 1081 2252 Sempronios,
1104 2209 1289 2252 quorum
1310 2203 1456 2253 pater,
1484 2193 1616 2235 homo
1638 2208 1739 2251 pru-

383 2271 486 2314 dens
519 2282 562 2314 et
593 2272 753 2332 gravis,
776 2272 1111 2332 haudquaquam
1143 2272 1368 2332 eloquens,
1395 2283 1437 2316 et
1471 2288 1580 2332 saepe
1608 2269 1737 2327 alias,

383 2360 426 2394 et
451 2351 634 2394 maxime
663 2367 834 2408 censor,
864 2350 990 2395 saluti
1016 2351 1263 2411 reipublicae
1294 2351 1387 2395 fuit.
1418 2353 1563 2411 Atque
1595 2351 1628 2393 is
1651 2366 1738 2392 non

383 2439 583 2474 accurata
606 2431 792 2491 quadam
816 2433 1022 2476 orationis
1044 2432 1187 2493 copia,
1219 2431 1293 2475 sed
1315 2441 1425 2474 nutu
1450 2440 1579 2490 atque
1606 2429 1738 2471 verbo

385 2511 607 2555 libertinos
636 2513 678 2555 in
705 2513 890 2556 urbanas
922 2513 1060 2555 tribus
1086 2510 1328 2566 transtulit3
1357 2510 1475 2571 quod
1507 2509 1587 2552 nisi
1614 2507 1737 2551 fecis-

386 2603 467 2651 set,
501 2593 828 2654 rempublicam,
864 2609 993 2652 quam
1040 2609 1154 2635 nunc
1190 2592 1259 2634 vix
1299 2601 1512 2646 tenemus,
1542 2590 1631 2648 jam
1665 2587 1738 2631 dtu
1789 2611 1792 2612 ⁷

389 2673 547 2717 nullam
576 2674 841 2718 haberemus.
869 2675 923 2716 At
946 2689 1045 2715 vero
1064 2672 1154 2731 ejus
1181 2671 1254 2714 filii
1283 2671 1449 2726 diserti,
1475 2679 1516 2713 et
1541 2668 1740 2712 omnibus
