1843 3166
715 209 858 244 LIBER
888 211 913 245 1.
1447 215 1493 261 5,

129 290 185 335 do
213 293 473 352 percurrisse
502 309 510 334 :
542 308 682 351 neque
721 309 792 347 ea,
821 303 870 336 ut
910 310 1006 349 sua,
1035 296 1294 354 possedisse3
1323 299 1417 354 scd,
1449 310 1497 343 ut

129 374 287 431 aliena,
312 375 479 418 libasse.
513 377 668 418 Fateor
702 376 840 428 enim,
871 374 1076 420 callidum
1101 379 1333 437 quemdam
1360 382 1495 440 hunc,

128 468 172 502 et
194 458 311 502 nulla
336 460 379 501 in
405 475 452 502 re
479 458 666 502 tironem
689 475 739 502 ac
761 459 937 516 rudem,
961 477 1040 505 nec
1067 463 1344 523 peregrinum
1368 475 1497 524 atque

129 541 341 600 hospitem
366 540 409 584 in
432 540 600 602 agendo
626 558 717 586 esse
743 541 912 586 debere.

190 625 261 667 LI.
275 624 430 683 Neque
441 640 545 668 vero
557 625 647 668 istis
660 625 881 686 tragoediis
894 627 993 682 tuis,
1005 627 1164 686 quibus
1178 629 1240 672 uti
1253 628 1497 689 philosophi

128 707 312 750 maxime
333 706 492 764 solent,
513 710 688 762 Crasse,
713 710 966 770 perturbor,
988 711 1107 771 quod
1133 712 1213 756 ista
1238 713 1403 770 dixisti,
1428 730 1500 757 ne-

129 790 288 833 minem
320 807 445 850 posse
471 808 624 835 eorum
654 801 843 847 mentes,
863 794 937 853 qui
969 794 1192 852 audirent,
1225 807 1300 840 aut
1330 796 1498 840 inflam-

128 889 246 917 mare
286 873 498 932 dicendo,
540 886 615 919 aut
650 876 941 922 inflammatas
977 879 1278 940 restinguere,
1312 896 1410 923 cum
1449 897 1500 923 eo

129 957 315 1001 maxime
350 959 414 1002 vis
445 960 631 1003 oratoris
669 960 1015 1022 magnitudoque
1049 973 1274 1019 cernatur,
1308 963 1389 1006 nisi
1425 965 1498 1023 qui

128 1057 274 1084 rerum
298 1044 495 1087 omnium
530 1054 753 1100 naturam,
780 1062 922 1089 mores
947 1047 1176 1090 hominum
1207 1057 1339 1107 atquc
1366 1047 1498 1090 ratio-

128 1140 204 1168 nes
229 1126 400 1185 penitus
431 1129 731 1188 perspexerit:
762 1129 805 1172 in
834 1146 922 1189 quo
949 1129 1226 1190 philosophia
1251 1130 1307 1173 sit
1334 1130 1497 1173 oratori

130 1210 371 1253 necessario
390 1211 670 1271 percipienda
691 1229 699 1255 :
724 1229 812 1272 quo
837 1213 881 1255 in
906 1212 1052 1256 studio
1069 1212 1299 1256 hominum
1321 1229 1501 1273 quoque

130 1293 577 1354 ingeniosissimorum
602 1295 1056 1355 otiosissimorumque
1081 1305 1193 1338 totas
1216 1305 1362 1339 aetates
1380 1295 1501 1338 vide-

128 1391 225 1419 mus
255 1392 344 1419 esse
369 1379 580 1421 contritas
602 1395 610 1421 :
635 1394 823 1438 quorum
842 1394 922 1439 ego
940 1378 1111 1438 copiam
1132 1378 1502 1439 magnitudinem-

128 1476 214 1519 que
245 1461 526 1521 cognitionis,
550 1472 682 1522 atque
710 1462 817 1505 artis
843 1478 932 1504 non
961 1461 1093 1505 modo
1125 1478 1215 1505 non
1243 1471 1504 1516 contemno,

130 1543 204 1587 sed
240 1544 371 1587 etiam
403 1544 684 1588 vehementer
716 1544 911 1588 admiror
947 1562 955 1587 :
993 1544 1118 1588 nobis
1155 1555 1320 1601 tamen,
1351 1546 1426 1604 qui
1460 1546 1502 1587 in

129 1627 213 1671 hoc
235 1627 398 1689 populo
428 1628 610 1689 foroque
635 1645 863 1672 versamur
879 1662 889 1681 ,
913 1627 1016 1670 satis
1041 1636 1124 1682 est,
1152 1643 1200 1670 ea
1229 1626 1281 1670 de
1307 1627 1503 1670 moribus

131 1712 358 1756 hominum
395 1722 438 1756 et
471 1713 606 1767 scire,
642 1722 684 1755 et
723 1711 894 1767 dicere,
926 1727 1021 1771 quae
1056 1727 1142 1755 non
1177 1710 1416 1755 abhorrent
1450 1711 1502 1754 ab

131 1795 359 1838 hominum
379 1795 586 1839 moribus.

194 1880 305 1936 Quis
329 1881 444 1923 enim
470 1896 662 1939 unquam
693 1889 842 1923 orator
869 1896 1076 1939 magnus..
1103 1889 1145 1922 et
1173 1880 1337 1939 gravis,
1368 1894 1504 1937 quum

134 1964 294 2006 iratum
328 1962 575 2007 adversario
608 1963 801 2023 judicem
837 1962 978 2006 facere
1012 1960 1162 2017 vellet,
1200 1961 1414 2004 haesitavit
1452 1961 1506 2003 oh

134 2063 229 2091 eam
261 2063 457 2102 causam,
487 2047 605 2108 quod
636 2048 841 2101 nesciret,
872 2045 977 2106 quid
1006 2056 1118 2089 esset
1149 2044 1398 2098 iracundia,
1423 2043 1507 2086 ser-

134 2147 270 2175 vorne
313 2132 496 2187 mentis,
542 2148 596 2175 an
635 2130 851 2191 cupiditas
892 2128 1103 2190 puniendi
1145 2126 1339 2171 doloris?
1376 2127 1508 2184 Quis,

137 2230 273 2273 quum
303 2224 469 2259 ceteros
501 2216 750 2259 animorum
779 2223 923 2257 motus
951 2223 1026 2256 aut
1048 2212 1291 2273 judicibus,
1322 2220 1396 2254 aut
1432 2227 1509 2270 po-

136 2297 241 2359 pulo
266 2298 450 2342 dicendo
471 2300 653 2344 miscere
675 2309 804 2359 atque
828 2298 994 2359 agitare
1017 2295 1164 2354 vellet,
1190 2311 1237 2339 ea
1261 2294 1390 2349 dixit,
1414 2309 1510 2353 quae

138 2400 162 2428 a
200 2382 470 2445 philosophis
508 2384 591 2427 dici
629 2382 794 2427 solent?
831 2382 906 2441 qui
947 2381 1106 2441 partim
1147 2379 1327 2423 omnino
1365 2386 1508 2419 motus

140 2478 301 2529 negant
330 2469 373 2511 in
400 2468 555 2511 animis
583 2467 694 2512 ullos
719 2482 809 2510 esse
836 2465 1012 2521 debere,
1035 2463 1196 2524 quique
1222 2478 1294 2505 eos
1328 2462 1370 2503 in
1395 2458 1509 2519 judi-

142 2566 241 2593 cum
275 2550 493 2593 mentibus
529 2550 773 2601 concitent,
810 2545 948 2590 scelus
990 2562 1061 2589 eos
1098 2543 1310 2587 nefarium
1347 2541 1509 2594 facere,

142 2630 322 2688 partim,
351 2631 425 2690 qui
463 2627 774 2673 tolerabiliores
810 2625 963 2669 volunt
992 2642 1102 2681 esse,
1135 2634 1176 2667 et
1203 2622 1255 2666 ad
1288 2621 1509 2662 veritatem

1270 2700 1286 2710 >-

1264 2712 1301 2742 3›.
