1843 3166
343 181 415 215 288
842 175 907 209 DE
937 172 1181 208 ORATORE.

343 255 485 299 Carbo,
513 259 619 300 aptus
644 251 864 286 turbulentis
889 249 1149 294 concionibus,
1169 260 1279 297 quem
1314 250 1462 284 Crassus
1489 247 1689 284 admodum

342 317 553 351 adolescens
571 313 763 349 accusavit.
784 312 873 347 Tin.

399 377 506 421 Quod
523 387 608 410 vero
627 375 662 409 ιή
692 381 854 408 extrema
877 372 1049 407 oratione.
1070 371 1231 406 Scaevola
1251 370 1418 405 confutat
1436 375 1691 417 argumentum

343 437 477 480 Crassi,
505 448 581 483 quo
600 435 771 471 studebat
785 462 793 477 ‚
814 440 998 467 oratorem
1018 432 1056 467 in
1082 432 1182 466 omni
1206 444 1339 479 genere
1361 430 1539 466 orationis
1558 430 1694 465 debere

343 510 418 532 esse.
440 497 662 543 perfectum,
682 495 892 541 probatque
910 500 1005 528 artes
1024 492 1164 526 oratori
1186 492 1367 538 subjectas
1387 504 1463 526 non
1482 503 1571 535 esse,
1587 490 1694 524 indu-

343 559 465 593 ctione
491 558 584 592 sacta
603 569 670 604 per
690 555 827 602 species
850 568 857 589 z
877 553 1110 601 philosophia
1130 553 1306 588 naturalis
1336 566 1412 587 non
1438 559 1492 588 est
1517 550 1695 595 oratoris;

343 631 464 664 neque
487 618 625 661 ethica3
652 629 774 663 neque
799 614 1072 658 mathematica3
1091 626 1213 660 neque
1234 613 1392 658 musica;
1420 624 1542 659 neque
1568 623 1694 659 gram—

343 678 496 722 matiea;
517 678 720 723 eademque
739 683 791 711 est
810 675 905 710 ratio
930 676 976 709 dc
995 675 1124 709 ceteris
1143 674 1295 708 artibus.
1317 674 1402 708 Non
1426 672 1537 721 igitur
1557 670 1696 706 oratori

341 739 566 783 reliquarum
587 737 720 771 artium
743 736 893 769 scientia
913 742 965 769 est
984 734 1159 779 subjecta.
1179 737 1260 778 Qua
1280 734 1317 767 in
1328 734 1497 768 oratione
1515 733 1696 775 Scaevola,

340 799 433 844 juris
456 798 613 844 peritus,
638 795 848 843 allegoriam
870 802 1106 841 perpetuam,
1125 806 1205 840 quae
1225 794 1381 828 sumitur
1411 806 1456 828 ex
1475 793 1642 828 formulis
1661 799 1697 827 et

342 858 464 892 verbis
480 857 572 903 juris
593 856 727 901 civilis,
747 855 899 898 retinet3
923 854 1128 900 alluditque
1147 853 1194 887 ad
1212 853 1405 900 improbos
1427 853 1613 896 homines,
1633 852 1697 899 qui

344 926 480 954 temere
506 919 544 952 in
575 918 709 952 alienas
738 915 986 963 possessiones
1020 915 1187 958 irruunt3
1221 921 1257 949 et
1282 914 1338 948 his
1369 920 1557 948 oratorem
1582 913 1698 948 Crassi

345 986 532 1026 comparat
556 979 657 1013 velut
676 977 905 1025 illegitimum
924 987 1171 1023 possessorem
1198 975 1431 1021 superiorum
1450 974 1594 1010 artium.

395 1041 594 1074 Interdicto
608 1048 721 1073 lecum
731 1039 995 1072 contenderent.
1010 1035 1251 1071 Interdictum
1269 1035 1436 1082 praetoris
1454 1042 1506 1070 cst
1519 1035 1679 1070 edictum
1689 1063 1699 1080 ‚

345 1113 420 1148 quo
437 1100 543 1146 jubet
566 1099 708 1146 aliquid
733 1099 790 1133 vel
820 1096 921 1143 fieri,
945 1098 1001 1132 vel
1028 1096 1158 1132 omitti.
1180 1096 1367 1131 Sententia
1386 1103 1438 1131 est
1463 1109 1471 1131 :
1497 1097 1607 1131 Multi
1633 1096 1700 1131 tibi

344 1161 442 1195 litem
461 1159 694 1195 intenderent
705 1186 714 1203 ,
729 1166 764 1193 ct
782 1160 860 1206 lege
872 1186 881 1202 ,
895 1170 936 1192 ac
948 1157 1116 1204 praetoris
1130 1156 1250 1192 edicto
1269 1163 1390 1191 tecum
1411 1163 1561 1204 agerent
1571 1184 1581 1200 ,
1596 1156 1700 1203 quod

345 1233 423 1255 eam
441 1233 539 1265 rem,
559 1232 640 1267 quae
668 1219 829 1266 pertinet
849 1218 895 1253 ad
915 1218 1001 1252 alias
1024 1224 1136 1261 artes,
1162 1217 1336 1251 nimirum
1354 1217 1392 1250 in
1411 1217 1510 1251 omni
1530 1216 1699 1263 disputa-

346 1281 445 1316 tione
465 1280 614 1327 copiose
632 1279 790 1323 versari,
809 1286 985 1325 tanquam
1010 1277 1151 1312 oratori
1175 1276 1367 1324 propriam
1385 1276 1548 1312 vindices
1570 1276 1642 1322 illi,
1660 1289 1701 1311 ac

347 1341 496 1375 tribuas.
520 1340 615 1376 Vide
633 1342 723 1375 Just.
748 1341 842 1373 Inst.
857 1365 868 1382 ,
888 1339 951 1373 lib.
974 1351 1029 1382 1v,
1050 1338 1105 1372 tit.
1126 1350 1193 1383 xv;
1213 1339 1370 1382 GAmM,
1397 1349 1455 1382 1v,
1474 1340 1586 1380 Insa,
1611 1337 1702 1372 138-

352 1400 442 1445 1603
468 1402 580 1435 Pmn„
605 1401 672 1435 Fa.
700 1412 755 1442 11,
774 1402 792 1442 5
822 1412 858 1443 13
878 1400 970 1434 Uip.
989 1399 1078 1442 Fn„
1103 1411 1132 1434 1.

399 1464 475 1495 Aut
496 1469 529 1495 te
549 1473 596 1495 ea:
612 1460 696 1504 jure
714 1472 826 1493 manu
845 1466 1058 1493 consertum.
1080 1459 1248 1493 Pearcius
1269 1460 1373 1494 dedit
1399 1460 1618 1493 manum.In
1639 1458 1702 1492 lite

347 1520 612 1563 vindiciorum,
640 1532 685 1554 ex
703 1520 851 1553 duobus
868 1519 1114 1565 litigantibus,
1139 1520 1230 1554 alter
1254 1521 1409 1554 alterum
1434 1520 1480 1554 ad
1506 1532 1702 1554 conseren—

347 1581 436 1615 dum
465 1592 575 1614 manu
600 1579 637 1612 in
662 1591 760 1622 rem,
789 1578 834 1612 de
866 1590 940 1624 qua
964 1579 1006 1612 lis
1038 1586 1146 1621 esset,
1170 1580 1347 1623 vocabat,
1369 1587 1500 1626 atque,
1531 1579 1637 1614 simul
1665 1579 1702 1614 in

347 1653 475 1688 agrum
492 1639 666 1687 profecti,
686 1638 905 1674 simulabant
924 1637 1154 1683 conflictum,
1178 1646 1213 1673 et
1232 1639 1373 1686 aliquid
1393 1651 1437 1673 ex
1457 1652 1501 1673 eo
1520 1640 1558 1673 in
1574 1640 1633 1685 jus
1655 1640 1703 1674 ad

346 1709 540 1748 praetorcm
560 1701 791 1745 deferebant,
813 1707 874 1743 ut,
896 1699 934 1733 in
953 1699 1099 1734 duabus
1118 1698 1250 1747 glebis,
1271 1706 1446 1746 tanquam
1460 1699 1497 1733 in
1519 1706 1598 1734 toto
1613 1711 1703 1747 agro

348 1763 588 1797 vindicarent.
610 1763 739 1796 Cicero
755 1789 764 1806 ‚
776 1773 852 1808 pro
871 1761 1049 1803 Murena,
1071 1767 1234 1795 veterem
1258 1760 1413 1795 formam
1437 1773 1548 1795 manu
1570 1773 1701 1796 conse-

347 1824 471 1868 rendi,
484 1824 539 1858 his
556 1823 677 1858 verbis
696 1822 873 1870 expressit
898 1835 905 1856 :
927 1821 1199 1869 «Fundus,qui
1212 1829 1265 1856 est
1287 1822 1325 1856 in
1351 1834 1441 1869 agro
1466 1821 1530 1868 qui
1548 1822 1703 1856 Sabinus

348 1893 513 1929 vocatur,
531 1898 633 1920 meus
652 1892 714 1920 est.
729 1887 853 1930 Quum
871 1896 994 1918 meum
1013 1896 1088 1918 esse
1110 1884 1169 1918 aio
1183 1910 1192 1927 ‚
1216 1882 1269 1917 ibi
1288 1890 1323 1918 te
1342 1895 1411 1930 ego
1430 1895 1476 1917 ex
1490 1882 1575 1928 jure
1591 1895 1702 1917 manu

348 1953 557 1981 consertum
585 1958 681 1980 voco
711 1959 720 1980 :
750 1953 828 1980 tum
854 1945 1026 1980 defensor
1050 1944 1117 1988 ait,
1138 1944 1247 1980 Unde
1272 1950 1313 1978 tu
1339 1956 1398 1978 me
1420 1956 1465 1978 ex
1484 1943 1567 1988 jure
1591 1955 1702 1977 manu

349 2014 559 2042 consertum
576 2007 735 2051 vocasti,
763 2006 816 2041 ibi
841 2013 875 2041 te
899 2018 1046 2040 revoco.
1068 2022 1082 2037 »
1108 2007 1163 2040 De
1182 2006 1248 2039 hac
1266 2004 1471 2049 locutione,
1491 2005 1599 2050 plura
1621 2005 1702 2038 Au-

348 2069 403 2102 lus
427 2067 584 2113 Gellius,
612 2080 679 2111 xx,
712 2079 756 2101 10
777 2080 784 2101 :
810 2079 919 2101 manu
949 2079 1020 2113 pro
1041 2079 1170 2101 manus
1193 2065 1347 2109 dicitur,
1371 2071 1574 2112 expuncta,
1600 2077 1703 2099 more

348 2135 531 2172 veterum,
554 2140 590 2170 s,
609 2135 819 2162 consertum
838 2127 876 2161 in
895 2127 1027 2174 supino
1047 2140 1067 2162 a
1086 2139 1234 2162 consero
1247 2153 1258 2169 ‚
1280 2125 1383 2172 quod
1406 2132 1459 2160 est
1482 2126 1676 2160 committo.

400 2189 503 2222 Iusto
515 2195 755 2222 sacramento.
770 2203 785 2218 «
800 2188 1073 2222 Sacramentum
1085 2187 1155 2222 litis
1167 2199 1280 2235 genus
1292 2194 1386 2230 erat,
1401 2185 1515 2220 simile
1528 2186 1701 2232 sponsio—

350 2248 406 2283 nis
421 2261 428 2282 :
441 2249 597 2282 »Varro.
618 2249 662 2282 Et
680 2246 746 2293 qui
763 2248 914 2294 petebat
926 2276 934 2292 ,
949 2255 984 2282 et
997 2248 1062 2295 qui
1079 2247 1321 2291 inficiabatur,
1338 2246 1384 2280 de
1404 2246 1481 2280 aliis
1494 2246 1579 2280 item
1592 2246 1703 2280 rebus

351 2308 500 2355 utrique
534 2308 754 2355 quingentos
784 2309 863 2343 aeris
891 2309 992 2355 apud
1026 2307 1240 2355 pontificem
1271 2307 1530 2354 deponebant,
1560 2307 1606 2342 de
1625 2306 1702 2341 aliis

351 2369 437 2403 item
456 2369 567 2403 rebus
587 2376 726 2403 certum
744 2381 941 2404 numerum
967 2369 1110 2404 assium.
1139 2369 1213 2412 Qui
1235 2368 1377 2414 judicio
1400 2375 1521 2403 autem
1542 2367 1678 2402 vicerat
1691 2395 1701 2411 ,

352 2442 457 2464 suum
484 2436 748 2465 sacramentum
767 2442 786 2464 a
810 2443 912 2465 sacro
933 2430 1140 2473 auferebat3
1160 2429 1247 2463 victi
1271 2429 1318 2464 ad
1337 2427 1501 2464 aerarium
1518 2427 1699 2463 redibant.

349 2491 626 2525 Sacramentum
661 2489 754 2524 dixit
785 2491 979 2537 pecuniam
1017 2490 1079 2525 lite
1104 2490 1309 2537 depositam
1347 2489 1446 2535 apud
1475 2487 1698 2535 pontificem.

352 2549 506 2597 Decepti
531 2557 615 2585 sunt
628 2577 637 2595 ,
663 2550 727 2597 qui
750 2551 920 2599 legerunt
937 2552 996 2586 hic
1016 2551 1115 2598 apud
1134 2557 1286 2598 pontem
1300 2579 1309 2597 ,
1328 2563 1406 2586 non
1424 2549 1525 2597 apud
1546 2547 1699 2598 pontifi-
