1843 3166
379 152 451 187 2‘38
895 156 959 190 DE
988 157 1223 192 ORATORF,

379 254 487 297 saepe
514 237 705 291 dicatum
723 260 743 280 «
757 238 887 295 belle,
901 260 920 280 n
945 251 987 284 et
1007 261 1026 282 «
1040 241 1212 297 festive,
1232 261 1250 281 »
1271 241 1450 284 nimium
1471 257 1579 302 saepe
1603 243 1702 287 nolo
1721 262 1729 288 :

380 335 626 378 quanquam
663 319 733 363 ilia
763 321 851 380 ipsa
880 320 1151 375 exclamatio,
1181 340 1200 361 «
1221 322 1318 365 Non
1349 330 1489 381 potest
1517 322 1690 380 melius,
1710 344 1730 365 »

378 400 431 442 sit
453 399 580 443 velim
606 401 755 444 crebra
773 417 781 443 :
804 400 876 442 sed
903 400 1056 445 habeat
1076 412 1216 445 tamen
1246 401 1316 445 illa
1335 402 1376 444 in
1397 401 1578 445 dicendo
1596 401 1732 446 admi-

378 481 488 523 ratio
515 497 563 523 ac
587 497 751 523 summa
777 479 867 522 laus
888 480 1084 525 umbram
1109 480 1296 541 aliquam
1315 491 1357 525 et
1383 498 1620 538 recessum,
1641 500 1727 543 quo

379 562 514 620 magis
538 560 599 616 id,
623 559 739 620 quod
765 560 844 603 crit
876 558 1190 618 illuminatum,
1216 571 1381 606 exstare
1396 572 1524 624 atque
1546 564 1727 607 eminere

377 640 587 683 videatur.

434 721 667 778 Nunquam
687 722 774 781 agit
793 721 908 764 hunc
929 738 1100 765 versum
1115 723 1296 766 Roscius
1320 740 1368 766 eo
1386 733 1528 783 gestu⁷
1553 740 1639 785 quo
1655 741 1728 785 po-

374 808 474 853 test,

372 899 467 933 Nam
483 899 626 946 sapiens
642 899 768 934 virtuti
783 900 986 944 honorem,
1005 901 1196 947 praemium
1208 928 1217 945 ,
1235 900 1334 936 haud
1350 900 1511 948 praedam
1528 900 1621 948 petit
1638 915 1646 936 :

376 984 448 1027 sed
476 985 620 1044 abjicit
645 1002 821 1044 prorsus
838 1020 849 1041 ‚
877 995 926 1028 ut
949 986 992 1028 iu
1019 987 1260 1045 proximos,

474 1075 616 1123 Ecquid
632 1076 766 1111 video?
786 1076 884 1111 ferro
901 1084 1022 1124 septus
1038 1077 1202 1123 possidet
1217 1077 1320 1112 sedes
1336 1090 1474 1122 sacras,

373 1161 555 1216 incidat,
580 1162 809 1223 adspiciat,
833 1162 1089 1216 admiretur,
1112 1173 1339 1224 stupescat.

437 1242 554 1298 Quid
579 1241 648 1285 ille
669 1242 802 1286 alter:

476 1340 576 1383 Quid
595 1348 717 1386 petam
736 1341 907 1388 praesidi?

375 1443 505 1485 quam
532 1425 709 1470 leniter!
737 1444 866 1487 quam
887 1428 1077 1472 remisse!
1106 1445 1235 1489 quam
1260 1446 1345 1472 non
1370 1428 1564 1473 actuose!
1600 1430 1733 1473 instat

375 1508 492 1550 enim

476 1588 508 1622 O
524 1588 647 1634 pater!
669 1600 691 1622 o
708 1587 845 1635 patria!
867 1600 890 1623 o
906 1588 1043 1623 Priami
1060 1589 1212 1624 domus!

372 1675 422 1717 In
453 1690 540 1735 quo
571 1683 688 1717 tanta
707 1676 972 1718 commoveri
1001 1677 1113 1719 actio
1133 1692 1221 1719 non
1247 1686 1409 1736 posset,
1433 1676 1467 1720 si
1498 1685 1607 1720 esset
1631 1691 1735 1719 con-

373 1764 513 1797 sumta
532 1755 752 1814 superiore
767 1764 888 1798 motu
904 1765 947 1798 et
965 1756 1184 1799 exhausta.
1205 1757 1357 1816 Neque
1374 1756 1414 1800 id
1430 1765 1595 1800 actores
1613 1757 1732 1816 prius

372 1833 598 1890 viderunt,
619 1851 748 1895 quam
764 1836 844 1895 ipsi
864 1844 1025 1895 poetae,
1050 1852 1179 1895 quam
1200 1834 1384 1896 denique
1401 1836 1461 1879 illi
1491 1837 1641 1891 etiam,
1659 1837 1732 1895 qui

373 1913 566 1958 fecerunt
591 1915 762 1970 modos,
785 1933 810 1959 a
834 1917 990 1976 quibus
1012 1917 1205 1976 utrisque
1230 1917 1514 1960 summittitur
1544 1916 1731 1976 aliquid,

376 1993 531 2038 deinde
550 2005 748 2055 augetur,
766 2005 1036 2050 extenuatur,
1054 1996 1245 2050 inflatur,
1268 1997 1471 2053 variatur,
1499 1997 1732 2058 distingui-

375 2083 460 2118 tur.

440 2156 506 2198 Ita
537 2155 591 2197 sit
617 2156 740 2199 nobis
768 2156 900 2216 igitur
926 2167 1104 2201 ornatus
1128 2168 1171 2201 et
1204 2158 1346 2201 suavis
1372 2167 1520 2201 orator
1538 2157 1644 2217 (nec
1664 2165 1730 2199 ta-

382 2251 479 2277 men
505 2244 641 2294 potest
671 2233 793 2278 aliter
824 2235 959 2297 esse),
982 2246 1028 2280 ut
1052 2238 1304 2281 suavitatem
1335 2238 1491 2281 hah-eat
1516 2246 1730 2280 austeram

375 2324 418 2358 et
447 2313 646 2369 solidam,
679 2332 765 2359 non
797 2315 964 2360 dulcem
993 2327 1122 2376 atque
1148 2317 1383 2362 decoctam.
1418 2319 1529 2362 Nam
1558 2317 1651 2377 ipsa
1678 2316 1732 2359 ad

377 2393 618 2437 ornandum
640 2406 873 2456 praecepta,
900 2414 993 2456 quae
1021 2397 1193 2453 dantur,
1218 2397 1429 2458 ejusmodi
1458 2406 1580 2452 sunt,
1614 2404 1660 2439 ut
1685 2412 1733 2439 ea

378 2474 573 2533 quamvis
586 2475 884 2520 vitiosissimus
908 2488 1059 2521 orator
1079 2477 1294 2538 explicare
1324 2478 1471 2538 possit.
1498 2477 1665 2532 Quare,
1685 2485 1734 2519 ut

379 2564 478 2597 ante
504 2554 616 2611 dixi,
637 2556 824 2616 primum
850 2557 956 2602 silva
980 2575 1125 2602 rerum
1153 2575 1202 2602 ac
1225 2558 1534 2603 sententiarum
1559 2572 1732 2617 compa—
