<?xml version="1.0" encoding="UTF-8"?>
<!DOCTYPE html PUBLIC "-//W3C//DTD XHTML 1.0 Transitional//EN"
    "http://www.w3.org/TR/xhtml1/DTD/xhtml1-transitional.dtd">
<html xmlns="http://www.w3.org/1999/xhtml" xml:lang="en" lang="en">
 <head>
  <title>
</title>
<meta http-equiv="Content-Type" content="text/html;charset=utf-8" />
  <meta name='ocr-system' content='tesseract 3.04.00' />
  <meta name='ocr-capabilities' content='ocr_page ocr_carea ocr_par ocr_line ocrx_word'/>
</head>
<body>
  <div class='ocr_page' id='page_1' title='image "./deoratorelibritr00ciceuoft_0234.png"; bbox 0 0 1843 3166; ppageno 0'>
   <div class='ocr_carea' id='block_1_1' title="bbox 303 153 1675 2473">
    <p class='ocr_par' dir='ltr' id='par_1_1' title="bbox 311 153 1667 378">
     <span class='ocr_line' id='line_1_1' title="bbox 315 153 1157 189; baseline 0.011 -8"><span class='ocrx_word' id='word_1_1' title='bbox 315 159 384 182; x_wconf 66' lang='grc'>222</span> <span class='ocrx_word' id='word_1_2' title='bbox 829 153 893 188; x_wconf 86' lang='lat' dir='ltr'>DE</span> <span class='ocrx_word' id='word_1_3' title='bbox 923 154 1157 189; x_wconf 80' lang='lat' dir='ltr'>ORATORF.</span> 
     </span>
     <span class='ocr_line' id='line_1_2' title="bbox 315 230 1667 298; baseline 0.007 -26"><span class='ocrx_word' id='word_1_4' title='bbox 315 231 367 273; x_wconf 87' lang='lat' dir='ltr'>ita</span> <span class='ocrx_word' id='word_1_5' title='bbox 391 230 585 287; x_wconf 75' lang='lat' dir='ltr'><strong>dixisset,</strong></span> <span class='ocrx_word' id='word_1_6' title='bbox 615 244 659 277; x_wconf 86' lang='lat' dir='ltr'>ut</span> <span class='ocrx_word' id='word_1_7' title='bbox 697 252 770 294; x_wconf 83' lang='lat' dir='ltr'>qui</span> <span class='ocrx_word' id='word_1_8' title='bbox 796 236 1013 293; x_wconf 74' lang='lat' dir='ltr'>adessent,</span> <span class='ocrx_word' id='word_1_9' title='bbox 1044 236 1337 298; x_wconf 64' lang='lat' dir='ltr'>intelligerent</span> <span class='ocrx_word' id='word_1_10' title='bbox 1360 237 1465 297; x_wconf 86' lang='lat' dir='ltr'>quid</span> <span class='ocrx_word' id='word_1_11' title='bbox 1488 238 1667 295; x_wconf 78' lang='lat' dir='ltr'>diceret,</span> 
     </span>
     <span class='ocr_line' id='line_1_3' title="bbox 311 311 1527 378; baseline 0.007 -25"><span class='ocrx_word' id='word_1_12' title='bbox 311 311 383 354; x_wconf 85' lang='lat' dir='ltr'>sed</span> <span class='ocrx_word' id='word_1_13' title='bbox 412 316 641 358; x_wconf 81' lang='lat' dir='ltr'>contemsit</span> <span class='ocrx_word' id='word_1_14' title='bbox 667 332 785 371; x_wconf 87' lang='lat' dir='ltr'>eum,</span> <span class='ocrx_word' id='word_1_15' title='bbox 809 318 880 376; x_wconf 90' lang='lat' dir='ltr'>qui</span> <span class='ocrx_word' id='word_1_16' title='bbox 906 319 1047 360; x_wconf 88' lang='lat' dir='ltr'>minus</span> <span class='ocrx_word' id='word_1_17' title='bbox 1076 317 1117 360; x_wconf 90' lang='lat' dir='ltr'>id</span> <span class='ocrx_word' id='word_1_18' title='bbox 1145 318 1281 361; x_wconf 80' lang='lat' dir='ltr'>faeere</span> <span class='ocrx_word' id='word_1_19' title='bbox 1303 319 1527 378; x_wconf 86' lang='lat' dir='ltr'>potuisset.</span> 
     </span>
    </p>

    <p class='ocr_par' dir='ltr' id='par_1_2' title="bbox 306 395 1670 1098">
     <span class='ocr_line' id='line_1_4' title="bbox 374 395 1668 460; baseline 0.005 -24"><span class='ocrx_word' id='word_1_20' title='bbox 374 395 422 436; x_wconf 91' lang='grc' dir='ltr'>Ι11</span> <span class='ocrx_word' id='word_1_21' title='bbox 441 410 527 452; x_wconf 80' lang='lat' dir='ltr'>quo</span> <span class='ocrx_word' id='word_1_22' title='bbox 555 396 686 455; x_wconf 80' lang='lat' dir='ltr'>igitur</span> <span class='ocrx_word' id='word_1_23' title='bbox 709 397 903 440; x_wconf 87' lang='lat' dir='ltr'>homines</span> <span class='ocrx_word' id='word_1_24' title='bbox 924 398 1261 442; x_wconf 73' lang='lat' dir='ltr'>exhorrescunt?</span> <span class='ocrx_word' id='word_1_25' title='bbox 1285 416 1414 458; x_wconf 85' lang='lat' dir='ltr'>quem</span> <span class='ocrx_word' id='word_1_26' title='bbox 1440 399 1668 460; x_wconf 73' lang='lat' dir='ltr'>stupefacti</span> 
     </span>
     <span class='ocr_line' id='line_1_5' title="bbox 310 471 1668 539; baseline 0.007 -25"><span class='ocrx_word' id='word_1_27' title='bbox 310 471 521 516; x_wconf 74' lang='lat' dir='ltr'>dicentem</span> <span class='ocrx_word' id='word_1_28' title='bbox 552 476 801 520; x_wconf 75' lang='lat' dir='ltr'>intuentur?</span> <span class='ocrx_word' id='word_1_29' title='bbox 842 478 886 521; x_wconf 91' lang='grc'>111</span> <span class='ocrx_word' id='word_1_30' title='bbox 919 495 1005 537; x_wconf 89' lang='lat' dir='ltr'>quo</span> <span class='ocrx_word' id='word_1_31' title='bbox 1041 478 1307 523; x_wconf 68' lang='lat' dir='ltr'>exclamant?</span> <span class='ocrx_word' id='word_1_32' title='bbox 1345 497 1474 539; x_wconf 84' lang='lat' dir='ltr'>quem</span> <span class='ocrx_word' id='word_1_33' title='bbox 1514 480 1668 536; x_wconf 86' lang='lat' dir='ltr'>deum,</span> 
     </span>
     <span class='ocr_line' id='line_1_6' title="bbox 310 553 1668 621; baseline 0.007 -27"><span class='ocrx_word' id='word_1_34' title='bbox 310 562 356 594; x_wconf 91' lang='lat' dir='ltr'>ut</span> <span class='ocrx_word' id='word_1_35' title='bbox 391 554 447 595; x_wconf 87' lang='lat' dir='ltr'>ita</span> <span class='ocrx_word' id='word_1_36' title='bbox 478 553 638 611; x_wconf 86' lang='lat' dir='ltr'>dicam,</span> <span class='ocrx_word' id='word_1_37' title='bbox 668 557 782 599; x_wconf 89' lang='lat' dir='ltr'>inter</span> <span class='ocrx_word' id='word_1_38' title='bbox 810 558 1003 601; x_wconf 86' lang='lat' dir='ltr'>homiues</span> <span class='ocrx_word' id='word_1_39' title='bbox 1028 559 1210 619; x_wconf 69' lang='lat' dir='ltr'>putant?</span> <span class='ocrx_word' id='word_1_40' title='bbox 1231 562 1318 617; x_wconf 83' lang='lat' dir='ltr'>Qui</span> <span class='ocrx_word' id='word_1_41' title='bbox 1342 560 1568 616; x_wconf 88' lang='lat' dir='ltr'>distinete,</span> <span class='ocrx_word' id='word_1_42' title='bbox 1594 562 1668 621; x_wconf 90' lang='lat' dir='ltr'>qui</span> 
     </span>
     <span class='ocr_line' id='line_1_7' title="bbox 308 632 1670 698; baseline 0.007 -24"><span class='ocrx_word' id='word_1_43' title='bbox 308 632 534 691; x_wconf 83' lang='lat' dir='ltr'>explicate,</span> <span class='ocrx_word' id='word_1_44' title='bbox 553 637 625 694; x_wconf 90' lang='lat' dir='ltr'>qui</span> <span class='ocrx_word' id='word_1_45' title='bbox 642 637 929 694; x_wconf 80' lang='lat' dir='ltr'>abundanter,</span> <span class='ocrx_word' id='word_1_46' title='bbox 953 640 1025 698; x_wconf 89' lang='lat' dir='ltr'>qui</span> <span class='ocrx_word' id='word_1_47' title='bbox 1051 639 1290 683; x_wconf 89' lang='lat' dir='ltr'>illuminate</span> <span class='ocrx_word' id='word_1_48' title='bbox 1306 651 1347 684; x_wconf 92' lang='lat' dir='ltr'>et</span> <span class='ocrx_word' id='word_1_49' title='bbox 1370 641 1498 684; x_wconf 87' lang='lat' dir='ltr'>rebus</span> <span class='ocrx_word' id='word_1_50' title='bbox 1517 651 1558 684; x_wconf 93' lang='lat' dir='ltr'>et</span> <span class='ocrx_word' id='word_1_51' title='bbox 1581 657 1670 684; x_wconf 90' lang='lat' dir='ltr'>ver-</span> 
     </span>
     <span class='ocr_line' id='line_1_8' title="bbox 308 713 1665 780; baseline 0.008 -27"><span class='ocrx_word' id='word_1_52' title='bbox 308 713 373 755; x_wconf 88' lang='lat' dir='ltr'>bis</span> <span class='ocrx_word' id='word_1_53' title='bbox 393 713 559 769; x_wconf 85' lang='lat' dir='ltr'>dieunt,</span> <span class='ocrx_word' id='word_1_54' title='bbox 583 726 624 758; x_wconf 85' lang='lat' dir='ltr'>et</span> <span class='ocrx_word' id='word_1_55' title='bbox 648 717 690 759; x_wconf 92' lang='lat' dir='ltr'>in</span> <span class='ocrx_word' id='word_1_56' title='bbox 715 718 805 776; x_wconf 89' lang='lat' dir='ltr'>ipsa</span> <span class='ocrx_word' id='word_1_57' title='bbox 830 720 1026 762; x_wconf 87' lang='lat' dir='ltr'>oratione</span> <span class='ocrx_word' id='word_1_58' title='bbox 1042 721 1163 779; x_wconf 87' lang='lat' dir='ltr'>quasi</span> <span class='ocrx_word' id='word_1_59' title='bbox 1186 720 1665 780; x_wconf 84' lang='lat' dir='ltr'>quemdamnumerum</span> 
     </span>
     <span class='ocr_line' id='line_1_9' title="bbox 308 796 1669 860; baseline 0.007 -25"><span class='ocrx_word' id='word_1_60' title='bbox 308 809 565 855; x_wconf 84' lang='lat' dir='ltr'>versumque</span> <span class='ocrx_word' id='word_1_61' title='bbox 592 796 846 854; x_wconf 83' lang='lat' dir='ltr'>conficiunt3</span> <span class='ocrx_word' id='word_1_62' title='bbox 874 798 916 841; x_wconf 91' lang='lat' dir='ltr'>id</span> <span class='ocrx_word' id='word_1_63' title='bbox 952 809 1036 855; x_wconf 89' lang='lat' dir='ltr'>est,</span> <span class='ocrx_word' id='word_1_64' title='bbox 1073 800 1189 859; x_wconf 89' lang='lat' dir='ltr'>quod</span> <span class='ocrx_word' id='word_1_65' title='bbox 1231 800 1347 857; x_wconf 80' lang='lat' dir='ltr'>dieo,</span> <span class='ocrx_word' id='word_1_66' title='bbox 1385 812 1549 846; x_wconf 80' lang='lat' dir='ltr'>ornate.</span> <span class='ocrx_word' id='word_1_67' title='bbox 1578 803 1669 860; x_wconf 86' lang='lat' dir='ltr'>Qui</span> 
     </span>
     <span class='ocr_line' id='line_1_10' title="bbox 309 872 1670 942; baseline 0.007 -27"><span class='ocrx_word' id='word_1_68' title='bbox 309 872 421 916; x_wconf 89' lang='lat' dir='ltr'>idem</span> <span class='ocrx_word' id='word_1_69' title='bbox 459 875 517 918; x_wconf 78' lang='lat' dir='ltr'>ita</span> <span class='ocrx_word' id='word_1_70' title='bbox 552 877 848 933; x_wconf 74' lang='lat' dir='ltr'>moderantur,</span> <span class='ocrx_word' id='word_1_71' title='bbox 877 889 925 923; x_wconf 92' lang='lat' dir='ltr'>ut</span> <span class='ocrx_word' id='word_1_72' title='bbox 952 896 1118 935; x_wconf 86' lang='lat' dir='ltr'>rerum,</span> <span class='ocrx_word' id='word_1_73' title='bbox 1148 889 1195 923; x_wconf 90' lang='lat' dir='ltr'>ut</span> <span class='ocrx_word' id='word_1_74' title='bbox 1223 897 1507 941; x_wconf 87' lang='lat' dir='ltr'>personarum</span> <span class='ocrx_word' id='word_1_75' title='bbox 1529 882 1670 942; x_wconf 87' lang='lat' dir='ltr'>digni-</span> 
     </span>
     <span class='ocr_line' id='line_1_11' title="bbox 307 955 1669 1022; baseline 0.007 -27"><span class='ocrx_word' id='word_1_76' title='bbox 307 962 413 997; x_wconf 86' lang='lat' dir='ltr'>tates</span> <span class='ocrx_word' id='word_1_77' title='bbox 438 955 602 1011; x_wconf 86' lang='lat' dir='ltr'>ferunt,</span> <span class='ocrx_word' id='word_1_78' title='bbox 630 958 659 999; x_wconf 87' lang='lat' dir='ltr'>ii</span> <span class='ocrx_word' id='word_1_79' title='bbox 685 968 786 1002; x_wconf 88' lang='lat' dir='ltr'>sunt</span> <span class='ocrx_word' id='word_1_80' title='bbox 812 959 855 1002; x_wconf 91' lang='lat' dir='ltr'>in</span> <span class='ocrx_word' id='word_1_81' title='bbox 885 976 936 1003; x_wconf 92' lang='lat' dir='ltr'>eo</span> <span class='ocrx_word' id='word_1_82' title='bbox 966 976 1121 1021; x_wconf 80' lang='lat' dir='ltr'>genere</span> <span class='ocrx_word' id='word_1_83' title='bbox 1146 959 1349 1004; x_wconf 85' lang='lat' dir='ltr'>laudandi</span> <span class='ocrx_word' id='word_1_84' title='bbox 1372 960 1532 1018; x_wconf 88' lang='lat' dir='ltr'>laudis,</span> <span class='ocrx_word' id='word_1_85' title='bbox 1553 962 1669 1022; x_wconf 90' lang='lat' dir='ltr'>quod</span> 
     </span>
     <span class='ocr_line' id='line_1_12' title="bbox 306 1041 1110 1098; baseline 0.011 -24"><span class='ocrx_word' id='word_1_86' title='bbox 306 1049 385 1093; x_wconf 83' lang='lat' dir='ltr'>ego</span> <span class='ocrx_word' id='word_1_87' title='bbox 411 1044 559 1095; x_wconf 87' lang='lat' dir='ltr'>aptum</span> <span class='ocrx_word' id='word_1_88' title='bbox 584 1047 627 1080; x_wconf 88' lang='lat' dir='ltr'>et</span> <span class='ocrx_word' id='word_1_89' title='bbox 647 1054 889 1098; x_wconf 82' lang='lat' dir='ltr'>congruens</span> <span class='ocrx_word' id='word_1_90' title='bbox 918 1041 1110 1084; x_wconf 86' lang='lat' dir='ltr'>nomino.</span> 
     </span>
    </p>

    <p class='ocr_par' dir='ltr' id='par_1_3' title="bbox 303 1114 1675 1964">
     <span class='ocr_line' id='line_1_13' title="bbox 369 1114 1670 1181; baseline 0.008 -24"><span class='ocrx_word' id='word_1_91' title='bbox 369 1114 460 1170; x_wconf 81' lang='lat' dir='ltr'>Qui</span> <span class='ocrx_word' id='word_1_92' title='bbox 484 1117 543 1159; x_wconf 89' lang='lat' dir='ltr'>ita</span> <span class='ocrx_word' id='word_1_93' title='bbox 576 1116 793 1175; x_wconf 82' lang='lat' dir='ltr'>dicerent,</span> <span class='ocrx_word' id='word_1_94' title='bbox 817 1136 889 1163; x_wconf 90' lang='lat' dir='ltr'>eos</span> <span class='ocrx_word' id='word_1_95' title='bbox 914 1121 1088 1181; x_wconf 80' lang='lat' dir='ltr'>negavit</span> <span class='ocrx_word' id='word_1_96' title='bbox 1112 1120 1252 1166; x_wconf 90' lang='lat' dir='ltr'>adhuc</span> <span class='ocrx_word' id='word_1_97' title='bbox 1277 1139 1320 1166; x_wconf 90' lang='lat' dir='ltr'>se</span> <span class='ocrx_word' id='word_1_98' title='bbox 1352 1122 1508 1167; x_wconf 86' lang='lat' dir='ltr'>vidisse</span> <span class='ocrx_word' id='word_1_99' title='bbox 1532 1126 1670 1168; x_wconf 90' lang='lat' dir='ltr'>Anto·</span> 
     </span>
     <span class='ocr_line' id='line_1_14' title="bbox 307 1193 1675 1260; baseline 0.009 -25"><span class='ocrx_word' id='word_1_100' title='bbox 307 1193 426 1250; x_wconf 87' lang='lat' dir='ltr'>nius,</span> <span class='ocrx_word' id='word_1_101' title='bbox 445 1205 487 1238; x_wconf 91' lang='lat' dir='ltr'>et</span> <span class='ocrx_word' id='word_1_102' title='bbox 511 1197 561 1239; x_wconf 89' lang='lat' dir='ltr'>iis</span> <span class='ocrx_word' id='word_1_103' title='bbox 581 1197 664 1240; x_wconf 86' lang='lat' dir='ltr'>hoe</span> <span class='ocrx_word' id='word_1_104' title='bbox 679 1215 839 1242; x_wconf 86' lang='lat' dir='ltr'>nomeu</span> <span class='ocrx_word' id='word_1_105' title='bbox 858 1199 965 1243; x_wconf 76' lang='lat' dir='ltr'>dixit</span> <span class='ocrx_word' id='word_1_106' title='bbox 982 1200 1239 1260; x_wconf 63' lang='lat' dir='ltr'>eloquentiae</span> <span class='ocrx_word' id='word_1_107' title='bbox 1259 1201 1358 1246; x_wconf 92' lang='lat' dir='ltr'>solis</span> <span class='ocrx_word' id='word_1_108' title='bbox 1374 1220 1464 1246; x_wconf 88' lang='lat' dir='ltr'>esse</span> <span class='ocrx_word' id='word_1_109' title='bbox 1479 1204 1675 1247; x_wconf 88' lang='lat' dir='ltr'>tribuen-</span> 
     </span>
     <span class='ocr_line' id='line_1_15' title="bbox 305 1273 1670 1344; baseline 0.008 -28"><span class='ocrx_word' id='word_1_110' title='bbox 305 1273 422 1318; x_wconf 85' lang='lat' dir='ltr'>dum.</span> <span class='ocrx_word' id='word_1_111' title='bbox 458 1278 607 1334; x_wconf 83' lang='lat' dir='ltr'>Quare</span> <span class='ocrx_word' id='word_1_112' title='bbox 640 1296 793 1323; x_wconf 88' lang='grc'>01111103</span> <span class='ocrx_word' id='word_1_113' title='bbox 827 1281 950 1334; x_wconf 84' lang='lat' dir='ltr'>istos,</span> <span class='ocrx_word' id='word_1_114' title='bbox 983 1298 1051 1325; x_wconf 86' lang='lat' dir='ltr'>me</span> <span class='ocrx_word' id='word_1_115' title='bbox 1087 1293 1285 1339; x_wconf 85' lang='lat' dir='ltr'>auctore,</span> <span class='ocrx_word' id='word_1_116' title='bbox 1321 1283 1512 1327; x_wconf 87' lang='lat' dir='ltr'>deridete</span> <span class='ocrx_word' id='word_1_117' title='bbox 1538 1294 1670 1344; x_wconf 85' lang='lat' dir='ltr'>atque</span> 
     </span>
     <span class='ocr_line' id='line_1_16' title="bbox 306 1359 1674 1425; baseline 0.008 -28"><span class='ocrx_word' id='word_1_118' title='bbox 306 1359 589 1414; x_wconf 80' lang='lat' dir='ltr'>contemnite,</span> <span class='ocrx_word' id='word_1_119' title='bbox 609 1361 682 1419; x_wconf 87' lang='lat' dir='ltr'>qui</span> <span class='ocrx_word' id='word_1_120' title='bbox 704 1377 747 1403; x_wconf 88' lang='lat' dir='ltr'>se</span> <span class='ocrx_word' id='word_1_121' title='bbox 765 1361 943 1418; x_wconf 86' lang='lat' dir='ltr'>horum,</span> <span class='ocrx_word' id='word_1_122' title='bbox 967 1364 1039 1422; x_wconf 89' lang='lat' dir='ltr'>qui</span> <span class='ocrx_word' id='word_1_123' title='bbox 1056 1380 1171 1406; x_wconf 89' lang='lat' dir='ltr'>nunc</span> <span class='ocrx_word' id='word_1_124' title='bbox 1192 1365 1249 1407; x_wconf 89' lang='lat' dir='ltr'>ita</span> <span class='ocrx_word' id='word_1_125' title='bbox 1268 1364 1556 1425; x_wconf 79' lang='lat' dir='ltr'>appellantur,</span> <span class='ocrx_word' id='word_1_126' title='bbox 1578 1365 1674 1408; x_wconf 86' lang='lat' dir='ltr'>rhe-</span> 
     </span>
     <span class='ocr_line' id='line_1_17' title="bbox 306 1442 1671 1505; baseline 0.008 -27"><span class='ocrx_word' id='word_1_127' title='bbox 306 1445 451 1480; x_wconf 87' lang='lat' dir='ltr'>torum</span> <span class='ocrx_word' id='word_1_128' title='bbox 483 1442 705 1500; x_wconf 83' lang='lat' dir='ltr'>praeceptis</span> <span class='ocrx_word' id='word_1_129' title='bbox 729 1458 901 1485; x_wconf 89' lang='lat' dir='ltr'>omnem</span> <span class='ocrx_word' id='word_1_130' title='bbox 929 1453 1155 1486; x_wconf 80' lang='lat' dir='ltr'>oratorum</span> <span class='ocrx_word' id='word_1_131' title='bbox 1191 1445 1278 1487; x_wconf 87' lang='lat' dir='ltr'>vim</span> <span class='ocrx_word' id='word_1_132' title='bbox 1307 1445 1555 1505; x_wconf 82' lang='lat' dir='ltr'>complexos</span> <span class='ocrx_word' id='word_1_133' title='bbox 1581 1463 1671 1489; x_wconf 87' lang='lat' dir='ltr'>esse</span> 
     </span>
     <span class='ocr_line' id='line_1_18' title="bbox 304 1517 1672 1583; baseline 0.009 -25"><span class='ocrx_word' id='word_1_134' title='bbox 304 1517 586 1573; x_wconf 78' lang='lat' dir='ltr'>arbitrantur,</span> <span class='ocrx_word' id='word_1_135' title='bbox 617 1536 757 1579; x_wconf 89' lang='lat' dir='ltr'>neque</span> <span class='ocrx_word' id='word_1_136' title='bbox 784 1522 944 1577; x_wconf 86' lang='lat' dir='ltr'>adhue,</span> <span class='ocrx_word' id='word_1_137' title='bbox 968 1540 1096 1583; x_wconf 88' lang='lat' dir='ltr'>quam</span> <span class='ocrx_word' id='word_1_138' title='bbox 1122 1541 1349 1583; x_wconf 78' lang='lat' dir='ltr'>personam</span> <span class='ocrx_word' id='word_1_139' title='bbox 1376 1536 1572 1582; x_wconf 85' lang='lat' dir='ltr'>teneant,</span> <span class='ocrx_word' id='word_1_140' title='bbox 1597 1538 1672 1571; x_wconf 89' lang='lat' dir='ltr'>aut</span> 
     </span>
     <span class='ocr_line' id='line_1_19' title="bbox 304 1597 1672 1662; baseline 0.008 -23"><span class='ocrx_word' id='word_1_141' title='bbox 304 1597 408 1656; x_wconf 91' lang='lat' dir='ltr'>quid</span> <span class='ocrx_word' id='word_1_142' title='bbox 440 1598 741 1658; x_wconf 85' lang='lat' dir='ltr'>profiteantur,</span> <span class='ocrx_word' id='word_1_143' title='bbox 783 1600 1024 1661; x_wconf 84' lang='lat' dir='ltr'>intelligere</span> <span class='ocrx_word' id='word_1_144' title='bbox 1065 1613 1317 1662; x_wconf 87' lang='lat' dir='ltr'>potuerunt.</span> <span class='ocrx_word' id='word_1_145' title='bbox 1360 1607 1523 1649; x_wconf 86' lang='lat' dir='ltr'>Verum</span> <span class='ocrx_word' id='word_1_146' title='bbox 1557 1608 1672 1650; x_wconf 86' lang='lat' dir='ltr'>enim</span> 
     </span>
     <span class='ocr_line' id='line_1_20' title="bbox 304 1679 1674 1743; baseline 0.008 -23"><span class='ocrx_word' id='word_1_147' title='bbox 304 1693 399 1737; x_wconf 83' lang='lat' dir='ltr'>quae</span> <span class='ocrx_word' id='word_1_148' title='bbox 420 1688 522 1721; x_wconf 88' lang='lat' dir='ltr'>sunt</span> <span class='ocrx_word' id='word_1_149' title='bbox 551 1679 595 1722; x_wconf 92' lang='lat' dir='ltr'>in</span> <span class='ocrx_word' id='word_1_150' title='bbox 619 1679 845 1724; x_wconf 88' lang='lat' dir='ltr'>hominum</span> <span class='ocrx_word' id='word_1_151' title='bbox 867 1682 976 1736; x_wconf 88' lang='lat' dir='ltr'>vita,</span> <span class='ocrx_word' id='word_1_152' title='bbox 1006 1682 1363 1743; x_wconf 87' lang='lat' dir='ltr'>quandoquidem</span> <span class='ocrx_word' id='word_1_153' title='bbox 1390 1686 1433 1728; x_wconf 90' lang='lat' dir='ltr'>in</span> <span class='ocrx_word' id='word_1_154' title='bbox 1457 1703 1505 1730; x_wconf 84' lang='lat' dir='ltr'>ea</span> <span class='ocrx_word' id='word_1_155' title='bbox 1533 1703 1674 1731; x_wconf 80' lang='lat' dir='ltr'>versa-</span> 
     </span>
     <span class='ocr_line' id='line_1_21' title="bbox 306 1762 1673 1827; baseline 0.007 -26"><span class='ocrx_word' id='word_1_156' title='bbox 306 1766 376 1801; x_wconf 90' lang='lat' dir='ltr'>tur</span> <span class='ocrx_word' id='word_1_157' title='bbox 391 1769 554 1816; x_wconf 87' lang='lat' dir='ltr'>orator,</span> <span class='ocrx_word' id='word_1_158' title='bbox 580 1770 710 1820; x_wconf 85' lang='lat' dir='ltr'>atque</span> <span class='ocrx_word' id='word_1_159' title='bbox 734 1777 783 1804; x_wconf 87' lang='lat' dir='ltr'>ea</span> <span class='ocrx_word' id='word_1_160' title='bbox 807 1771 869 1805; x_wconf 91' lang='lat' dir='ltr'>est</span> <span class='ocrx_word' id='word_1_161' title='bbox 889 1763 925 1805; x_wconf 90' lang='lat' dir='ltr'>ei</span> <span class='ocrx_word' id='word_1_162' title='bbox 947 1762 1139 1823; x_wconf 86' lang='lat' dir='ltr'>subjecta</span> <span class='ocrx_word' id='word_1_163' title='bbox 1157 1765 1376 1821; x_wconf 85' lang='lat' dir='ltr'>materies,</span> <span class='ocrx_word' id='word_1_164' title='bbox 1393 1767 1539 1809; x_wconf 90' lang='lat' dir='ltr'>omnia</span> <span class='ocrx_word' id='word_1_165' title='bbox 1559 1784 1673 1827; x_wconf 84' lang='lat' dir='ltr'>quae-</span> 
     </span>
     <span class='ocr_line' id='line_1_22' title="bbox 305 1840 1673 1907; baseline 0.007 -25"><span class='ocrx_word' id='word_1_166' title='bbox 305 1840 404 1896; x_wconf 88' lang='lat' dir='ltr'>sita,</span> <span class='ocrx_word' id='word_1_167' title='bbox 430 1840 601 1898; x_wconf 87' lang='lat' dir='ltr'>audita,</span> <span class='ocrx_word' id='word_1_168' title='bbox 630 1841 761 1899; x_wconf 87' lang='lat' dir='ltr'>lecta,</span> <span class='ocrx_word' id='word_1_169' title='bbox 798 1842 1035 1904; x_wconf 81' lang='lat' dir='ltr'>disputata,</span> <span class='ocrx_word' id='word_1_170' title='bbox 1070 1854 1270 1901; x_wconf 83' lang='lat' dir='ltr'>tractata,</span> <span class='ocrx_word' id='word_1_171' title='bbox 1297 1847 1459 1907; x_wconf 82' lang='lat' dir='ltr'>agitata</span> <span class='ocrx_word' id='word_1_172' title='bbox 1486 1864 1576 1891; x_wconf 89' lang='lat' dir='ltr'>esse</span> <span class='ocrx_word' id='word_1_173' title='bbox 1599 1847 1673 1891; x_wconf 90' lang='lat' dir='ltr'>de-</span> 
     </span>
     <span class='ocr_line' id='line_1_23' title="bbox 303 1919 420 1964; baseline 0.026 -3"><span class='ocrx_word' id='word_1_174' title='bbox 303 1919 420 1964; x_wconf 85' lang='lat' dir='ltr'>bent.</span> 
     </span>
    </p>

    <p class='ocr_par' dir='ltr' id='par_1_4' title="bbox 303 2004 1674 2473">
     <span class='ocr_line' id='line_1_24' title="bbox 367 2004 1671 2067; baseline 0.006 -22"><span class='ocrx_word' id='word_1_175' title='bbox 367 2004 445 2045; x_wconf 91' lang='lat' dir='ltr'>Est</span> <span class='ocrx_word' id='word_1_176' title='bbox 468 2004 582 2046; x_wconf 88' lang='lat' dir='ltr'>enim</span> <span class='ocrx_word' id='word_1_177' title='bbox 606 2004 853 2064; x_wconf 86' lang='lat' dir='ltr'>eloquentia</span> <span class='ocrx_word' id='word_1_178' title='bbox 879 2023 964 2050; x_wconf 84' lang='lat' dir='ltr'>una</span> <span class='ocrx_word' id='word_1_179' title='bbox 1000 2008 1195 2067; x_wconf 79' lang='lat' dir='ltr'>quaedam</span> <span class='ocrx_word' id='word_1_180' title='bbox 1220 2009 1271 2051; x_wconf 88' lang='lat' dir='ltr'>de</span> <span class='ocrx_word' id='word_1_181' title='bbox 1295 2010 1474 2052; x_wconf 90' lang='lat' dir='ltr'>summis</span> <span class='ocrx_word' id='word_1_182' title='bbox 1502 2011 1671 2054; x_wconf 87' lang='lat' dir='ltr'>virtuti-</span> 
     </span>
     <span class='ocr_line' id='line_1_25' title="bbox 306 2082 1671 2151; baseline 0.007 -27"><span class='ocrx_word' id='word_1_183' title='bbox 306 2082 384 2125; x_wconf 88' lang='lat' dir='ltr'>bus</span> <span class='ocrx_word' id='word_1_184' title='bbox 408 2084 687 2144; x_wconf 82' lang='lat' dir='ltr'>(quanquam</span> <span class='ocrx_word' id='word_1_185' title='bbox 720 2097 822 2130; x_wconf 89' lang='lat' dir='ltr'>sunt</span> <span class='ocrx_word' id='word_1_186' title='bbox 854 2104 1005 2130; x_wconf 87' lang='lat' dir='ltr'>omnes</span> <span class='ocrx_word' id='word_1_187' title='bbox 1035 2090 1216 2132; x_wconf 86' lang='lat' dir='ltr'>virtutes</span> <span class='ocrx_word' id='word_1_188' title='bbox 1252 2089 1435 2149; x_wconf 62' lang='lat' dir='ltr'>{equales</span> <span class='ocrx_word' id='word_1_189' title='bbox 1461 2101 1503 2134; x_wconf 87' lang='lat' dir='ltr'>et</span> <span class='ocrx_word' id='word_1_190' title='bbox 1527 2108 1671 2151; x_wconf 87' lang='lat' dir='ltr'>pares,</span> 
     </span>
     <span class='ocr_line' id='line_1_26' title="bbox 304 2163 1674 2230; baseline 0.007 -25"><span class='ocrx_word' id='word_1_191' title='bbox 304 2163 376 2205; x_wconf 89' lang='lat' dir='ltr'>sed</span> <span class='ocrx_word' id='word_1_192' title='bbox 415 2174 559 2207; x_wconf 85' lang='lat' dir='ltr'>tamen</span> <span class='ocrx_word' id='word_1_193' title='bbox 597 2175 661 2208; x_wconf 87' lang='lat' dir='ltr'>est</span> <span class='ocrx_word' id='word_1_194' title='bbox 692 2168 854 2226; x_wconf 87' lang='lat' dir='ltr'>species</span> <span class='ocrx_word' id='word_1_195' title='bbox 881 2167 962 2212; x_wconf 87' lang='lat' dir='ltr'>alia</span> <span class='ocrx_word' id='word_1_196' title='bbox 995 2170 1130 2230; x_wconf 80' lang='lat' dir='ltr'>magis</span> <span class='ocrx_word' id='word_1_197' title='bbox 1168 2169 1248 2213; x_wconf 88' lang='lat' dir='ltr'>alia</span> <span class='ocrx_word' id='word_1_198' title='bbox 1275 2170 1461 2214; x_wconf 85' lang='lat' dir='ltr'>formosa</span> <span class='ocrx_word' id='word_1_199' title='bbox 1491 2181 1533 2214; x_wconf 90' lang='lat' dir='ltr'>et</span> <span class='ocrx_word' id='word_1_200' title='bbox 1560 2171 1674 2215; x_wconf 88' lang='lat' dir='ltr'>illus-</span> 
     </span>
     <span class='ocr_line' id='line_1_27' title="bbox 304 2246 1673 2310; baseline 0.007 -23"><span class='ocrx_word' id='word_1_201' title='bbox 304 2246 381 2287; x_wconf 86' lang='lat' dir='ltr'>tris</span> <span class='ocrx_word' id='word_1_202' title='bbox 403 2261 411 2287; x_wconf 93' lang='lat'>:</span> <span class='ocrx_word' id='word_1_203' title='bbox 431 2246 543 2288; x_wconf 89' lang='lat' dir='ltr'>sieut</span> <span class='ocrx_word' id='word_1_204' title='bbox 565 2246 655 2289; x_wconf 85' lang='lat' dir='ltr'>haec</span> <span class='ocrx_word' id='word_1_205' title='bbox 670 2248 754 2302; x_wconf 81' lang='lat' dir='ltr'>vis,</span> <span class='ocrx_word' id='word_1_206' title='bbox 770 2265 864 2308; x_wconf 78' lang='lat' dir='ltr'>quae</span> <span class='ocrx_word' id='word_1_207' title='bbox 880 2250 1103 2293; x_wconf 86' lang='lat' dir='ltr'>seientiam</span> <span class='ocrx_word' id='word_1_208' title='bbox 1123 2249 1347 2310; x_wconf 82' lang='lat' dir='ltr'>complexa</span> <span class='ocrx_word' id='word_1_209' title='bbox 1367 2268 1532 2307; x_wconf 86' lang='lat' dir='ltr'>rerum,</span> <span class='ocrx_word' id='word_1_210' title='bbox 1553 2269 1673 2296; x_wconf 86' lang='lat' dir='ltr'>sensa</span> 
     </span>
     <span class='ocr_line' id='line_1_28' title="bbox 303 2326 1672 2390; baseline 0.007 -24"><span class='ocrx_word' id='word_1_211' title='bbox 303 2326 458 2368; x_wconf 88' lang='lat' dir='ltr'>mentis</span> <span class='ocrx_word' id='word_1_212' title='bbox 480 2335 520 2368; x_wconf 91' lang='lat' dir='ltr'>et</span> <span class='ocrx_word' id='word_1_213' title='bbox 542 2326 721 2370; x_wconf 83' lang='lat' dir='ltr'>consilia</span> <span class='ocrx_word' id='word_1_214' title='bbox 739 2328 799 2370; x_wconf 89' lang='lat' dir='ltr'>sic</span> <span class='ocrx_word' id='word_1_215' title='bbox 820 2330 964 2373; x_wconf 88' lang='lat' dir='ltr'>verbis</span> <span class='ocrx_word' id='word_1_216' title='bbox 987 2329 1193 2390; x_wconf 80' lang='lat' dir='ltr'>explieat,</span> <span class='ocrx_word' id='word_1_217' title='bbox 1223 2341 1271 2373; x_wconf 89' lang='lat' dir='ltr'>ut</span> <span class='ocrx_word' id='word_1_218' title='bbox 1287 2347 1358 2374; x_wconf 88' lang='grc'>003</span> <span class='ocrx_word' id='word_1_219' title='bbox 1382 2331 1455 2390; x_wconf 84' lang='lat' dir='ltr'>qui</span> <span class='ocrx_word' id='word_1_220' title='bbox 1473 2331 1672 2388; x_wconf 84' lang='lat' dir='ltr'>audiant,</span> 
     </span>
     <span class='ocr_line' id='line_1_29' title="bbox 306 2407 1672 2473; baseline 0.007 -26"><span class='ocrx_word' id='word_1_221' title='bbox 306 2422 582 2466; x_wconf 86' lang='lat' dir='ltr'>quocumque</span> <span class='ocrx_word' id='word_1_222' title='bbox 607 2407 872 2463; x_wconf 85' lang='lat' dir='ltr'>incubuerit,</span> <span class='ocrx_word' id='word_1_223' title='bbox 892 2411 1026 2469; x_wconf 84' lang='lat' dir='ltr'>possit</span> <span class='ocrx_word' id='word_1_224' title='bbox 1045 2410 1285 2470; x_wconf 71' lang='lat' dir='ltr'>impellere,</span> <span class='ocrx_word' id='word_1_225' title='bbox 1311 2428 1407 2470; x_wconf 85' lang='lat' dir='ltr'>quae</span> <span class='ocrx_word' id='word_1_226' title='bbox 1433 2428 1518 2470; x_wconf 87' lang='lat' dir='ltr'>quo</span> <span class='ocrx_word' id='word_1_227' title='bbox 1535 2414 1672 2473; x_wconf 85' lang='lat' dir='ltr'>major</span> 
     </span>
    </p>
   </div>
   <div class='ocr_carea' id='block_1_2' title="bbox 305 2486 1671 2552">
    <p class='ocr_par' dir='ltr' id='par_1_5' title="bbox 305 2486 1671 2552">
     <span class='ocr_line' id='line_1_30' title="bbox 305 2486 1671 2552; baseline 0.006 -25"><span class='ocrx_word' id='word_1_228' title='bbox 305 2495 368 2528; x_wconf 86' lang='lat' dir='ltr'>est</span> <span class='ocrx_word' id='word_1_229' title='bbox 404 2486 489 2540; x_wconf 86' lang='lat' dir='ltr'>vis,</span> <span class='ocrx_word' id='word_1_230' title='bbox 526 2486 608 2530; x_wconf 89' lang='lat' dir='ltr'>hoe</span> <span class='ocrx_word' id='word_1_231' title='bbox 644 2497 707 2530; x_wconf 87' lang='lat' dir='ltr'>est</span> <span class='ocrx_word' id='word_1_232' title='bbox 741 2491 877 2549; x_wconf 80' lang='lat' dir='ltr'>magis</span> <span class='ocrx_word' id='word_1_233' title='bbox 907 2491 1122 2550; x_wconf 87' lang='lat' dir='ltr'>probitate</span> <span class='ocrx_word' id='word_1_234' title='bbox 1142 2492 1387 2552; x_wconf 77' lang='lat' dir='ltr'>jungenda,</span> <span class='ocrx_word' id='word_1_235' title='bbox 1414 2508 1671 2552; x_wconf 85' lang='lat' dir='ltr'>summaque</span> 
     </span>
    </p>
   </div>
   <div class='ocr_carea' id='block_1_3' title="bbox 305 2566 1671 2631">
    <p class='ocr_par' dir='ltr' id='par_1_6' title="bbox 305 2566 1671 2631">
     <span class='ocr_line' id='line_1_31' title="bbox 305 2566 1671 2631; baseline 0.007 -23"><span class='ocrx_word' id='word_1_236' title='bbox 305 2566 591 2626; x_wconf 71' lang='lat' dir='ltr'>pru&lt;lentia)3</span> <span class='ocrx_word' id='word_1_237' title='bbox 620 2584 805 2628; x_wconf 88' lang='lat' dir='ltr'>quarum</span> <span class='ocrx_word' id='word_1_238' title='bbox 836 2572 1047 2615; x_wconf 72' lang='lat' dir='ltr'>virtutum</span> <span class='ocrx_word' id='word_1_239' title='bbox 1071 2573 1322 2631; x_wconf 77' lang='lat' dir='ltr'>expertibus</span> <span class='ocrx_word' id='word_1_240' title='bbox 1345 2573 1377 2615; x_wconf 88' lang='lat' dir='ltr'>si</span> <span class='ocrx_word' id='word_1_241' title='bbox 1403 2572 1577 2617; x_wconf 86' lang='lat' dir='ltr'>dicendi</span> <span class='ocrx_word' id='word_1_242' title='bbox 1607 2591 1671 2618; x_wconf 93' lang='grc'>00-</span> 
     </span>
    </p>
   </div>
  </div>
 </body>
</html>
