1843 3166
750 201 895 236 LIBER
926 203 969 236 ll.
1470 218 1481 240 1
1496 210 1536 240 23

177 283 389 328 duntaxat
404 285 610 329 hactenus
625 282 855 344 requirunt
867 318 879 340 ,
903 295 950 328 ut
967 287 1094 329 certis
1114 286 1286 331 dicendi
1305 287 1543 332 luminibus

177 374 402 408 ornentur.

239 446 438 504 Itemque
464 443 561 498 illa,
587 459 682 504 quae
705 454 807 488 sunt
828 444 1005 489 alterius
1031 447 1228 507 generis,
1254 463 1349 507 quae
1374 457 1465 491 tota
1492 449 1544 491 ab

176 531 348 566 oratore
366 523 612 582 pariuntur,
636 524 998 584 excogitationem
1015 541 1102 569 non
1116 525 1279 569 habent
1296 524 1518 569 difficilem
1534 544 1544 579 3

176 600 506 662 explicationem
524 603 662 664 magis
679 601 892 648 illustrem
916 604 1265 666 perpolitamque
1282 605 1543 650 desiderant.

174 682 323 742 Itaque
354 698 490 742 quum
520 682 612 727 haec
643 682 732 727 duo
762 684 889 728 nobis
917 685 1148 745 quaerenda
1182 685 1270 730 sint
1302 686 1347 729 in
1379 687 1545 742 causis,

174 761 365 820 primum
381 761 510 822 quid,
537 762 693 807 deinde
710 763 930 824 quomodo
947 764 1142 810 dicamus
1165 782 1174 809 z
1198 765 1404 822 alterum,
1430 766 1543 826 quod

175 850 316 884 totum
333 851 424 885 arte
440 842 628 886 tinctum
644 843 831 900 videtur,
850 846 1021 888 tametsi
1034 855 1171 889 artem
1184 847 1385 905 requirit,
1400 855 1544 890 tamen

174 921 415 980 prudentiae
427 931 489 966 est
504 939 624 984 paene
639 922 867 968 mediocris
879 958 890 979 ,
911 924 1016 984 quid
1029 924 1261 968 dicendum
1276 926 1351 981 sit,
1367 925 1512 969 videre
1531 942 1541 979 3

175 999 359 1045 alterum
391 1012 481 1059 est,
508 1003 552 1047 in
578 1020 666 1064 quo
691 1006 875 1048 oratoris
907 1005 969 1047 vis
1003 1004 1075 1048 illa
1111 1005 1280 1060 divina,
1321 1007 1546 1066 virtusque

176 1083 382 1139 cernitur,
397 1100 445 1127 ea
459 1119 470 1138 ,
485 1101 582 1144 quae
597 1084 779 1129 dicenda
796 1095 917 1141 sunt,
938 1095 1109 1141 ornate,
1127 1087 1324 1147 copiose,
1340 1088 1545 1148 varieque

178 1163 331 1207 dicere.

238 1248 442 1291 XXVIII.
480 1249 629 1304 Quare
668 1246 786 1291 illam
817 1257 984 1308 partem
1012 1249 1302 1308 superiorem,
1337 1250 1543 1309 quoniam

176 1325 304 1371 semel
331 1328 389 1370 ita
407 1328 529 1371 vobis
548 1326 731 1388 placuit,
761 1345 848 1372 11011
873 1329 1100 1384 recusabo,
1125 1345 1212 1389 quo
1230 1330 1374 1373 minus
1395 1347 1547 1390 perpo-

175 1405 276 1450 liam
308 1416 436 1467 atque
463 1407 690 1451 conficiam
717 1408 958 1470 (quantum
986 1426 1241 1469 consequar,
1271 1426 1349 1454 vos
1379 1410 1547 1470 judica-

175 1486 305 1548 bitis)
326 1505 334 1531 :
363 1488 519 1548 quibus
546 1505 595 1532 ex
622 1488 728 1532 locis
745 1488 800 1532 ad
824 1505 893 1532 eas
917 1499 1003 1533 tres
1027 1506 1118 1546 res,
1144 1507 1239 1550 quoe
1257 1490 1310 1534 ad
1334 1490 1463 1535 fidem
1490 1491 1548 1534 fa-

175 1567 371 1612 ciendam
398 1568 498 1612 solae
521 1568 690 1623 valent,
713 1568 896 1612 ducatur
920 1570 1079 1626 oratio,
1108 1579 1156 1613 ut
1191 1580 1234 1613 et
1258 1569 1548 1614 concilientur

177 1649 333 1704 animi,
359 1658 399 1692 et
428 1649 680 1703 doceantur,
710 1658 751 1692 et
783 1658 1041 1692 moveantur
1068 1647 1190 1710 [haee
1212 1659 1311 1693 sunt
1330 1651 1445 1693 enim
1466 1651 1548 1694 tria

178 1745 360 1773 numero
379 1728 408 1792 ].
434 1722 496 1773 Ea
532 1746 634 1772 vero
664 1728 1031 1789 quemadmodum
1064 1728 1356 1785 illustrentur,
1389 1741 1547 1791 praesto

176 1819 264 1866 cst,
288 1810 362 1869 qui
386 1826 534 1853 omnes
552 1809 706 1853 docere
729 1810 889 1870 possit,
914 1810 989 1869 qui
1011 1809 1094 1853 hoc
1118 1810 1344 1869 primusin
1372 1820 1546 1854 nostros

177 1907 318 1935 mores
345 1891 541 1947 induxit,
565 1892 640 1952 qui
668 1891 853 1935 maxime
876 1891 996 1934 auxit
1013 1925 1024 1947 ,
1050 1890 1124 1950 qui
1151 1889 1267 1933 solus
1293 1889 1448 1934 effecit.

239 1974 440 2033 Namque
468 1988 569 2032 ego,
602 1970 758 2016 Catule
793 1970 962 2031 (dicam
989 1970 1103 2014 enim
1137 1986 1225 2013 non
1255 1986 1459 2014 reverens
1482 1986 1543 2014 as·

181 2052 376 2097 sentandi
404 2053 746 2114 suspicionem),
780 2053 995 2096 neminem
1025 2067 1116 2094 esse
1149 2060 1367 2094 oratorem
1401 2049 1545 2111 paullo

176 2132 457 2177 illustriorem
492 2133 694 2188 arbitror,
732 2148 873 2193 neque
902 2147 1116 2193 graecum,
1153 2147 1294 2192 neque
1333 2130 1514 2175 latinum
1535 2165 1545 2185 ,

176 2230 304 2274 quem
322 2223 421 2257 aetas
437 2223 585 2257 nostra
604 2212 769 2269 tulerit,
789 2229 919 2273 quem
940 2229 1029 2256 non
1046 2221 1087 2256 et
1102 2228 1235 2274 saepe,
1257 2222 1300 2256 et
1315 2209 1546 2273 diligenter

176 2293 398 2337 audierim.
424 2295 602 2354 Itaque,
630 2294 665 2337 si
692 2292 797 2353 quid
825 2302 888 2336 est
914 2292 958 2335 in
984 2308 1052 2336 me
1080 2291 1228 2354 (quod
1254 2292 1342 2352 jam
1374 2307 1545 2352 sperare

176 2374 340 2431 videor,
362 2375 566 2433 quoniam
588 2373 764 2436 quidem
781 2390 854 2416 vos
870 2408 880 2427 ,
909 2373 976 2416 his
1002 2374 1187 2434 ingeniis
1203 2374 1421 2428 homines,
1448 2382 1543 2416 tan-

180 2463 269 2497 tum
297 2471 437 2515 operae
462 2453 566 2496 milii
592 2453 643 2496 ad
675 2453 940 2497 audiendum
963 2452 1073 2496 datis
1092 2453 1131 2513 ᾖ),
1158 2471 1210 2497 ex
1240 2469 1290 2497 eo
1314 2462 1401 2509 cst,
1426 2452 1538 2511 quod

177 2533 285 2577 nihil
308 2535 538 2594 quisquam
571 2550 763 2593 uuquam
797 2550 864 2576 mc
896 2532 1098 2577 audiente
1129 2535 1215 2595 egit
1240 2543 1402 2589 orator,
1428 2531 1542 2591 quod

178 2631 263 2659 11011
288 2616 329 2658 in
353 2616 559 2658 memoria
576 2632 669 2657 nica
689 2616 861 2674 penitus
883 2613 1100 2658 insederit.
1126 2618 1267 2674 Atque
1290 2630 1369 2673 rgo
1388 2614 1444 2667 is,
1466 2611 1541 2671 qui
