1843 3166
301 173 313 196 1
324 161 370 205 73
823 159 885 193 DE
915 160 1155 194 ORATORE

295 244 447 288 erratis
487 241 745 304 (defendere
787 242 1007 287 Lucilium
1045 243 1331 304 vi‹lcbatur):
1366 260 1446 304 ego
1480 243 1663 289 liberum

296 334 403 385 puto
428 340 544 378 esse,
573 339 660 383 qua
681 321 819 377 lubct,
852 325 1095 383 pascitur.»

358 403 503 449 Placet
545 405 674 447 etiam
714 405 819 447 mihi
864 403 970 446 illud
1009 406 1248 464 Scipionis,
1291 403 1425 461 illius,
1457 406 1532 466 qui
1567 407 1661 453 Tib.

294 485 547 529 Gracchum
570 484 755 545 perculit
777 502 785 527 :
814 501 950 544 quum
975 485 1013 527 ci
1040 487 1102 528 M.
1126 485 1302 530 Flaccus
1326 485 1473 529 multis
1494 487 1665 546 probris

294 565 474 625 objectis
510 567 556 608 P.
587 566 783 609 Mucium
814 564 1008 624 judicem
1039 564 1225 621 tulisset,
1261 585 1281 606 «
1305 567 1456 625 chro,
1494 566 1663 626 inquit3

295 647 469 705 iniquus
491 654 554 688 est
573 662 580 687 :
605 665 624 686 n
650 661 785 704 quum
804 654 913 688 esset
929 644 1329 702 adinurmuratum,
1351 666 1371 686 «
1389 646 1477 701 Ah,
1504 647 1662 706 inquit,

293 729 339 770 P.
362 728 433 780 C.‚
459 742 546 769 non
571 741 651 786 ego
678 725 783 768 mihi
809 724 931 768 illum
956 725 1154 785 iniquum
1183 726 1318 785 ejero,
1350 742 1497 769 verum
1521 728 1663 770 omni-

293 807 387 850 bus.
410 825 429 846 n

356 885 421 930 Ab
456 884 537 929 hoc
573 901 673 928 vcro
710 887 867 929 Crasso
904 883 1013 928 nihil
1050 884 1229 928 facetius
1263 901 1271 927 :
1311 901 1447 944 quum
1489 884 1663 930 laesisset

293 967 412 1009 testis
439 965 553 1010 Silus
577 967 802 1021 Pisonem,
833 965 950 1025 quod
984 981 1028 1008 se
1058 966 1102 1008 in
1134 982 1233 1008 cum
1261 965 1431 1009 audisse
1452 965 1660 1011 dixisset:

292 1047 474 1088 «Potest
494 1045 611 1098 fieri,
640 1046 807 1104 inquit,
838 1043 948 1100 Sile,
977 1054 1026 1088 ut
1050 1046 1108 1100 is,
1136 1044 1253 1088 unde
1275 1055 1315 1089 te
1339 1046 1509 1089 audisse
1530 1047 1661 1103 dicis,

293 1126 428 1169 iratus
449 1125 632 1169 dixerit:
656 1145 676 1166 »
702 1126 857 1169 annuit
881 1124 1008 1168 Silus.
1036 1144 1057 1166 c<
1074 1127 1223 1169 Potest
1250 1126 1404 1181 etiam,
1434 1136 1481 1170 ut
1502 1136 1549 1170 tu
1571 1143 1660 1171 non

292 1215 408 1248 recte
436 1204 700 1249 intellexeris
719 1222 728 1248 :
751 1225 771 1247 »
806 1204 848 1248 id
871 1221 1046 1265 quoque
1069 1215 1161 1248 toto
1182 1206 1324 1266 capite
1345 1206 1520 1263 annuit,
1548 1216 1596 1250 ut
1618 1223 1663 1250 se

293 1287 448 1329 Crasso
469 1284 605 1328 daret.
640 1305 661 1326 «
682 1287 829 1329 Potest
859 1285 989 1329 etiam
1020 1284 1140 1342 fieri,
1182 1286 1349 1345 inquit,
1383 1296 1432 1330 ut
1457 1288 1662 1342 omnino,

293 1363 410 1422 quod
433 1374 474 1407 te
491 1365 662 1407 audisse
681 1364 787 1408 dicis
801 1399 812 1421 ,
835 1381 1062 1424 nunquam
1085 1365 1274 1409 audieris
1294 1382 1303 1408 ε
1327 1385 1347 1405 ›>
1376 1363 1457 1409 hoc
1478 1367 1535 1410 ita
1555 1383 1662 1426 prae-

293 1452 359 1486 ter
391 1444 759 1503 exspectationem
793 1444 972 1500 accidit,
1020 1454 1068 1487 ut
1108 1453 1261 1488 testem
1311 1447 1507 1488 omnium
1551 1446 1661 1489 risus

292 1523 507 1566 obrueret.
540 1524 680 1582 Hujus
705 1524 876 1583 generis
904 1532 967 1565 est
991 1522 1145 1582 plenus
1167 1525 1362 1580 Naevius,
1390 1534 1432 1568 et
1448 1526 1576 1585 jocus
1597 1536 1661 1568 est

291 1602 535 1659 familiaris,
568 1603 789 1662 «Sapiens
827 1603 862 1646 si
893 1601 1075 1663 algebiS,
1117 1613 1290 1659 tremes;
1317 1623 1336 1644 υ
1372 1614 1415 1647 et
1448 1604 1531 1648 alia
1560 1619 1659 1665 per-

292 1681 442 1726 multa.

355 1765 515 1808 LXXI.
555 1766 675 1824 Saepe
703 1766 833 1807 etiarn
859 1764 997 1808 facete
1020 1763 1230 1808 concedas
1255 1764 1503 1808 adversario
1526 1764 1569 1808 id
1594 1767 1660 1827 ip-

295 1861 387 1888 sum
401 1879 412 1900 ,
436 1844 554 1904 quod
576 1845 653 1888 tibi
673 1844 744 1888 ille
765 1845 955 1889 detrahit
976 1862 985 1888 :
1011 1854 1059 1889 ut
1077 1847 1125 1889 C.
1145 1843 1324 1901 Laelius,
1350 1861 1485 1904 quum
1508 1846 1546 1888 ei
1566 1846 1660 1906 qui-

301 1923 400 1967 dam
422 1922 538 1967 malo
564 1941 721 1985 genere
746 1935 873 1969 natus
895 1925 1078 1981 diceret,
1105 1924 1336 1985 indignum
1357 1941 1447 1968 esse
1468 1926 1554 1968 suis
1574 1942 1660 1968 ma-

297 2000 480 2061 joribus,
519 2007 617 2048 «At
649 2005 846 2062 hercule,
885 2006 1049 2064 inquit,
1090 2015 1138 2048 tu
1171 2005 1254 2048 tuis
1285 2004 1454 2065 dignus.
1481 2024 1502 2045 >³
1540 2005 1659 2064 Saepe

300 2083 428 2126 etiam
449 2085 710 2128 sententiose
734 2083 918 2128 ridicula
939 2084 1147 2128 dicuntur
1169 2101 1178 2127 :
1209 2094 1255 2127 ut
1273 2086 1335 2127 M.
1354 2085 1550 2139 Cincius,
1571 2101 1658 2143 quo

298 2163 367 2206 die
388 2162 528 2224 legem
551 2164 604 2207 de
628 2164 754 2208 donis
776 2175 819 2208 et
843 2165 1099 2209 muneribus
1129 2164 1248 2219 tulit,
1288 2180 1421 2224 quum
1447 2165 1496 2208 C.
1519 2165 1658 2208 Cento

294 2242 547 2303 prodiisset,
568 2253 609 2287 et
629 2244 730 2287 satis
746 2244 1081 2300 contumeliose,
1102 2263 1122 2284 (ι
1139 2243 1257 2300 Quid
1273 2243 1378 2300 fers,
1403 2241 1656 2287 Cinciole?»

294 2324 542 2384 quaesisset:
573 2326 666 2367 «Ut
688 2340 825 2379 emas,
851 2325 1010 2384 inquit,
1034 2327 1136 2379 Gai,
1167 2325 1199 2367 si
1225 2324 1286 2366 uti
1309 2321 1465 2366 velis.»

359 2406 482 2464 Saepe
507 2404 635 2447 etiam
655 2403 783 2460 salse,
819 2421 915 2464 quae
942 2404 1032 2447 fieri
1061 2421 1148 2447 non
1177 2413 1382 2463 possunt,
1420 2411 1655 2461 optantur:

294 2494 344 2528 ut
368 2487 430 2529 M.
456 2483 668 2540 Lepidus,
703 2500 860 2543 quum,
890 2485 1045 2528 ceteris
1080 2485 1123 2526 in
1154 2499 1305 2543 campo
1336 2481 1658 2536 exercentibus,

295 2567 340 2608 in
365 2565 502 2609 herba
538 2566 630 2624 ipse
668 2570 956 2619 recubuisset,
982 2563 1184 2608 «Vellem
1216 2563 1300 2606 hoc
1329 2570 1456 2615 esset,
1491 2561 1658 2620 inquit,
