1843 3166
742 182 882 215 LIBER
916 182 960 215 ΙΙ,
1454 188 1521 232 175

170 263 240 305 scd
271 264 396 307 habet
423 280 749 324 nonnumquam
770 265 934 324 aliquid
958 268 1085 309 etiam
1108 268 1222 327 apud
1249 287 1324 313 nos
1348 270 1451 328 loci,
1477 283 1524 316 ut

171 343 234 387 vel
264 361 348 388 non
375 345 532 389 stultus
560 346 681 404 quasi
710 344 840 388 stulte
865 363 962 390 cum
992 347 1077 390 sale
1102 346 1217 391 dicat
1247 348 1407 410 aliquid
1434 369 1442 394 :
1478 363 1525 396 ut

171 425 244 467 tibi
262 459 273 479 ,
315 426 499 480 Antoni,
537 425 733 480 Mancia,
772 442 906 485 quum
942 427 1128 471 audisset
1165 438 1205 471 te
1245 445 1462 474 censorem
1502 449 1523 475 a

169 505 226 546 M.
250 506 449 548 Duronio
469 504 522 547 de
540 505 706 547 ambitu
728 505 991 564 postulatum
1007 542 1018 561 ,
1045 507 1346 568 «Aliquando,
1367 510 1524 570 inquit,

167 585 243 627 tibi
271 594 394 627 tuum
421 585 643 645 negotium
669 600 794 645 agere
820 583 977 630 licebit.
1005 607 1023 626 »

241 662 372 707 Valde
398 664 486 707 haec
513 664 725 721 ridentur,
755 675 799 709 et
830 665 1004 711 hercule
1038 670 1203 725 omnia,
1245 687 1339 730 quae
1365 687 1387 715 a
1422 688 1526 731 pru-

165 742 386 796 dentibus,
423 744 543 804 quasi
580 761 656 804 per
689 744 1076 790 dissimulationem
1109 765 1194 792 non
1232 750 1527 812 intelligendi,

168 823 437 867 subabsurde
459 823 656 885 salseque
676 824 894 870 dicuntur.
919 829 982 870 Ex
1002 844 1089 887 quo
1113 845 1270 888 genere
1292 841 1355 874 est
1377 833 1525 887 etiam,

166 920 252 946 nou
294 904 430 947 videri
472 904 711 966 intelligere
748 906 865 966 quod
905 906 1119 969 intelligas
1136 943 1147 963 ,
1189 919 1236 952 ut
1272 911 1526 967 Ponditius;

163 1003 182 1023 «
200 984 385 1042 Qualem
403 986 645 1041 existimas,
671 987 744 1046 qui
761 987 804 1029 in
820 986 1033 1031 adulterio
1052 988 1417 1048 deprehenditur?
1434 1011 1526 1032 »—-

167 1085 185 1104 ω’
204 1065 411 1109 Tardum.
432 1086 452 1107 »
479 1068 540 1110 Ut
559 1083 659 1127 ego,
687 1068 759 1126 qui
786 1068 830 1109 in
853 1066 1021 1111 delectu
1040 1102 1052 1123 ,
1081 1069 1279 1126 Metello,
1307 1087 1441 1130 quum
1463 1089 1527 1115 ex-

165 1148 431 1191 cusationem
462 1146 688 1190 oculorum
718 1164 741 1191 a
772 1165 840 1190 me
869 1165 955 1192 non
987 1150 1223 1209 acciperet,
1257 1161 1299 1194 et
1325 1151 1525 1206 dixisset,

164 1246 182 1265 α
202 1229 268 1271 Tu
288 1228 420 1288 igitur
440 1228 547 1271 nihil
566 1228 714 1272 vides?
731 1248 750 1269 >1
767 1257 830 1262 -
846 1232 972 1290 «Ego
988 1247 1113 1286 vero,
1138 1231 1338 1292 inquam,
1359 1249 1383 1275 a
1402 1243 1525 1292 porta

164 1307 389 1367 Esquilina
412 1308 535 1352 video
558 1308 703 1352 villam
727 1319 860 1353 tuam.
882 1330 902 1351 n

228 1391 285 1432 Ut
308 1387 415 1431 illud
438 1389 625 1444 Nasicae,
654 1390 727 1450 qui
750 1406 887 1449 quum
911 1391 967 1433 ad
990 1400 1159 1450 poetam
1181 1393 1369 1436 Ennium
1393 1394 1527 1437 venis-

164 1477 251 1525 set,
288 1469 414 1527 eique
439 1468 493 1511 ab
522 1470 632 1513 ostio
663 1470 871 1529 quaerenti
902 1471 1115 1525 Ennium,
1145 1471 1300 1515 ancilla
1328 1472 1525 1528 dixisset,

165 1549 281 1592 domi
302 1566 390 1593 non
405 1566 517 1606 esse3
545 1551 703 1594 Nasica
720 1552 874 1605 sentit,
895 1550 1013 1594 illam
1027 1551 1190 1595 domini
1208 1552 1330 1612 jussu
1349 1552 1523 1608 dixisse,

162 1639 206 1673 et
231 1628 355 1673 illum
378 1630 494 1673 intus
524 1646 624 1673 esse.
665 1631 818 1674 Paucis
846 1640 944 1690 post
969 1630 1119 1674 diebus
1153 1648 1287 1691 quum
1320 1631 1372 1675 ad
1398 1634 1525 1677 Nasi-

162 1726 256 1754 cam
281 1711 464 1753 venisset
490 1711 682 1764 Ennius,
721 1720 764 1753 et
788 1726 886 1753 eum
911 1727 934 1753 a
957 1711 1087 1770 janua
1113 1721 1344 1770 quaereret,
1385 1711 1525 1757 excla-

164 1800 252 1833 mat
274 1791 448 1845 Nasica,
477 1810 497 1831 «
513 1807 556 1833 se
577 1790 694 1833 domi
716 1807 803 1833 non
825 1807 916 1834 esse
935 1807 944 1833 ε
969 1810 989 1830 n
1019 1800 1111 1834 tum
1129 1792 1319 1845 Ennius,
1334 1811 1355 1832 n
1378 1792 1525 1849 Quid?

161 1886 241 1930 cgo
271 1887 358 1913 non
390 1887 606 1931 cognosco
637 1886 807 1926 vocem,
834 1870 993 1930 inquit,
1025 1870 1205 1914 tuam?»
1234 1872 1314 1915 Hic
1343 1872 1522 1928 Nasica,

161 1968 182 1989 «
198 1952 340 1992 Homo
367 1966 410 1993 es
436 1950 665 2010 impudens
686 1967 696 1994 ε
727 1967 807 2011 ego
834 1967 970 2010 quum
993 1960 1034 1994 te
1058 1966 1323 2010 quaererem,
1360 1951 1522 1995 ancillae

162 2038 243 2073 tuae
257 2029 442 2086 credidi,
471 2041 512 2074 te
534 2030 651 2074 domi
673 2046 761 2073 non
778 2046 892 2085 esse3
922 2040 967 2073 tu
989 2031 1094 2073 mihi
1114 2047 1202 2074 non
1223 2030 1361 2074 credis
1378 2031 1520 2091 ipsi?»

223 2112 299 2153 Est
321 2109 483 2153 bellum
506 2108 613 2153 illud
638 2126 836 2170 quoque,
876 2126 927 2153 ex
951 2126 1038 2169 quo
1063 2110 1122 2164 is,
1152 2111 1226 2169 qui
1255 2109 1388 2165 dixit,
1426 2111 1522 2154 irri-

159 2189 287 2234 detur
312 2191 356 2232 in
386 2206 437 2233 eo
463 2191 555 2250 ipso
581 2206 760 2251 genere,
790 2206 876 2249 quo
905 2190 1014 2232 dixit
1037 2206 1045 2232 :
1077 2199 1148 2244 ut,
1172 2206 1309 2249 quum
1334 2190 1390 2245 Q.
1414 2190 1522 2250 Opi-

161 2272 274 2314 mius
299 2269 561 2325 consularis,
592 2272 666 2330 qui
695 2268 1041 2313 adolescentulus
1067 2268 1178 2313 male
1201 2269 1410 2323 audisset,
1439 2269 1520 2313 fes-

160 2351 248 2394 tivo
283 2351 449 2393 homini
485 2349 653 2410 Egilio,
695 2351 770 2410 qui
796 2349 1013 2392 videretur
1044 2348 1231 2405 mollior,
1274 2366 1351 2393 nec
1385 2359 1518 2402 esset,

159 2430 360 2485 dixisset,
389 2430 548 2486 «Quid
582 2440 653 2485 tu,
690 2430 829 2490 Egilia
851 2428 975 2473 mea?
1011 2429 1186 2489 quando
1217 2429 1269 2473 ad
1300 2446 1368 2472 me
1402 2431 1518 2473 venis

160 2527 260 2554 cum
291 2521 365 2554 tua
397 2510 495 2554 colu
528 2521 570 2554 et
600 2510 811 2554 181139-
839 2512 976 2554 «Non
1010 2509 1108 2570 pol,
1147 2511 1310 2569 inquit,
1351 2509 1516 2552 audeo:

161 2607 258 2635 nam
287 2608 355 2635 me
383 2592 437 2635 ad
463 2592 646 2635 famosas
674 2593 809 2634 vetuit
837 2601 976 2634 mater
1001 2590 1256 2634 accedere.»
