1843 3166
617 237 1011 274 ADNOTATIONES.
1417 237 1436 272 3
1444 237 1489 284 39

192 316 277 351 CA».
297 316 474 351 LXXIX.
495 315 615 363 Atque
632 314 916 363 infrequentibus
935 315 1066 349 causis.
1087 314 1252 363 Intellige
1275 326 1398 351 causas
1417 326 1489 361 pa-

137 386 220 409 rum
244 375 516 423 frequentatas,
544 374 619 409 sive
654 387 713 410 eas
744 387 825 422 quae
852 386 930 409 non
959 374 1052 410 tanti
1081 381 1185 409 erant
1221 375 1424 420 momenti,
1448 381 1490 409 ut

138 446 250 481 quam
270 436 422 482 plurimi
445 436 488 471 iis
503 435 713 482 judicandis
731 436 904 471 interesse
924 437 1094 471 solerent.
1114 436 1250 470 Pane.
1264 457 1315 462 —
1328 437 1460 471 Victor
1481 448 1489 469 ε

137 502 248 543 atque
276 496 312 531 in
319 496 575 544 frequentibus
581 508 596 539 ;
615 495 676 531 alii
706 509 714 530 ε
745 504 855 544 atque
868 496 1126 544 frequentibus
1140 508 1153 537 ;
1184 495 1289 542 quod
1310 497 1491 531 Strehaeus

136 555 400 603 interpretatur
418 556 638 602 levioribus,
659 556 788 604 saepius
808 556 1101 592 occurrentibus.
1122 556 1284 590 Sch'rz.

189 625 276 660 Cn.
309 626 521 661 LXXXIII.
548 627 598 661 Et
618 639 727 673 quum
750 626 827 660 sint
846 627 1061 673 populares.
1089 625 1197 659 Hunc
1222 624 1345 659 locum
1373 623 1490 658 inter—

134 685 336 730 punctione
360 685 561 721 faciliorem
588 685 740 722 fecimus
765 686 913 731 lectori,
938 692 981 720 ut
1007 685 1074 720 illae
1099 692 1262 732 quatuor
1285 696 1401 719 causae
1429 683 1490 718 of-

133 746 308 782 fensionis
326 746 468 782 facilius
491 755 740 795 agnoscantur
763 754 799 783 et
824 747 1106 794 distinguantur.
1127 747 1223 781 ERN.

183 815 298 850 Multi
316 815 480 863 variique
498 818 639 864 lapsus.
667 818 809 863 Lapsus
827 822 880 852 est
904 815 1062 850 mutatio
1096 814 1303 850 animorum
1326 814 1489 861 popula-

131 875 247 920 rium,
275 876 380 923 quasi
405 877 516 911 animi
542 877 770 912 audientium
790 889 809 912 e
834 889 946 912 manu
968 875 1125 911 oratoris
1151 876 1356 910 elabantur.

184 944 271 979 Cn.
286 946 534 981 LXXXVIII.
555 947 629 982 Sed
644 947 833 981 verborum
851 945 1037 981 memoria.
1055 947 1107 981 Ut
1125 945 1223 979 hunc
1236 946 1358 979 locum
1377 943 1488 978 intel—

129 1003 302 1055 ligamus,
332 1005 605 1042 observandum
632 1013 685 1041 est
705 1007 883 1054 imagines
911 1005 1011 1041 aliud
1035 1005 1241 1053 quidquam
1259 1002 1486 1053 significare,

131 1076 172 1098 ac
191 1064 383 1101 simulacra
404 1074 439 1101 et
457 1067 746 1103 similitudinem.
771 1069 859 1103 Non
877 1067 974 1102 enim
997 1078 1143 1102 necesse
1169 1073 1238 1110 est,
1252 1073 1294 1100 ut
1313 1065 1486 1113 imagines

130 1136 274 1172 semper
296 1126 367 1160 sint
385 1126 428 1162 iis
446 1128 574 1172 rebus,
594 1140 684 1176 quas
708 1127 754 1163 ad
779 1128 994 1163 memoriam
1014 1126 1261 1173 adjuvandam
1284 1137 1486 1172 repraesen—

130 1192 218 1222 tant.
238 1187 336 1222 Dicit
360 1187 473 1236 igitur
497 1189 702 1234 Antonius,
721 1191 837 1224 multa
860 1189 991 1234 verba,
1017 1195 1058 1223 ut
1085 1187 1275 1232 adverbia,
1301 1185 1483 1233 praeposi—

129 1245 264 1292 tiones,
295 1254 384 1293 etc.‚
415 1249 652 1285 similitudine
676 1250 778 1285 nulla
801 1248 997 1298 significari
1025 1261 1144 1296 posse.
1165 1248 1204 1283 Si
1222 1247 1336 1294 igitur
1355 1258 1483 1281 eorum

129 1308 334 1344 meminisse
353 1310 520 1356 velimus,
548 1323 694 1346 necesse
718 1317 771 1346 est
798 1310 837 1345 in
862 1317 1041 1357 promptu
1069 1310 1205 1344 habere
1234 1320 1345 1356 quam
1363 1306 1486 1353 pluri-

130 1379 206 1403 mas
242 1369 346 1416 quasi
377 1370 589 1406 arbitrarias
615 1370 811 1419 imagines,
837 1383 935 1418 quae,
964 1369 1131 1417 quamvis
1166 1368 1258 1403 nihil
1281 1367 1395 1402 simile
1418 1367 1486 1400 ha-

128 1428 257 1474 beant,
279 1430 393 1478 longo
413 1437 536 1466 tamen
556 1444 628 1466 usu
645 1437 911 1478 perceptae,‚ea
920 1430 1056 1475 verba,
1071 1430 1208 1477 quibus
1228 1440 1322 1474 opus
1343 1433 1414 1471 est,
1435 1426 1484 1460 ob

130 1491 258 1525 oculos
284 1497 430 1526 nostros
451 1499 603 1539 ponant.
623 1493 728 1527 Hanc
747 1498 868 1525 autem
891 1501 1017 1524 veram
1041 1502 1117 1523 esse
1144 1487 1485 1534 interpretationem

128 1549 347 1586 confirmant
376 1552 489 1586 verba
532 1549 768 1596 Quintiliani,
803 1562 857 1593 11,
893 1561 913 1583 2
946 1561 954 1582 ε
987 1563 1005 1579 tc
1016 1548 1125 1582 Mitto
1137 1575 1147 1591 ‚
1177 1548 1281 1593 quod
1317 1547 1483 1593 quaedam

128 1606 271 1658 (verba)
290 1611 398 1645 nullis
417 1610 618 1646 simulacris
630 1607 827 1656 significari
852 1613 1027 1654 possunt3
1047 1606 1245 1640 habeamus
1265 1605 1360 1640 enim
1379 1617 1482 1649 sane,

127 1676 169 1702 ut
193 1669 258 1715 qui
278 1670 374 1704 notis
392 1669 558 1703 scribunt
588 1675 705 1703 certas
723 1667 899 1715 imagines
919 1666 1102 1710 omnium,
1124 1673 1191 1700 etc.
1214 1681 1228 1697 »
1246 1667 1383 1701 Pmnc.

180 1738 277 1772 Eam
298 1738 449 1785 singulis
460 1737 632 1785 personis
651 1737 739 1771 bene
750 1737 895 1784 positis.
916 1737 1082 1771 Personae
1105 1734 1145 1769 in
1168 1735 1241 1769 hoc
1263 1734 1347 1769 loco
1368 1733 1482 1782 signi-

126 1796 238 1833 ficant
261 1797 454 1847 imagines,
478 1797 587 1834 facies
610 1796 723 1833 fictas.
753 1797 812 1834 Sic
830 1796 1043 1842 Lucretius,
1059 1808 1094 1841 1,
1115 1800 1155 1841 4,
1174 1808 1208 1830 v.
1233 1806 1292 1842 29.
1320 1796 1458 1829 Pmnc.

541 1961 734 2004 LIBER
765 1959 1056 2003 TERTIUS.

181 2127 266 2161 CAP.
289 2127 317 2161 1.
349 2127 523 2160 Extremo
543 2125 761 2160 scenicorum
793 2125 957 2159 ludorum
985 2125 1056 2158 die.
1079 2125 1134 2159 Eo
1164 2122 1261 2157 enim
1291 2129 1478 2168 tempore,

129 2186 326 2233 colligendi
352 2187 409 2221 sui
430 2198 560 2231 causa,
587 2186 756 2230 Crassus,
777 2197 860 2219 cum
879 2185 1041 2220 Antonio
1061 2183 1306 2231 reliquisque,
1324 2183 1363 2217 in
1381 2184 1480 2218 Tus,

128 2248 300 2282 culanum
329 2259 366 2282 se
396 2253 595 2293 receperat.
625 2248 695 2281 Per
721 2246 881 2280 scenicos
905 2247 1008 2280 ludos
1032 2256 1204 2281 romanos
1230 2243 1411 2291 intellige,
1438 2251 1480 2277 ut

127 2320 173 2343 ex
190 2307 312 2354 primo
333 2307 432 2342 libro
455 2308 574 2354 palam
595 2314 647 2342 est
676 2319 684 2340 τ
714 2306 779 2353 qui
804 2312 839 2340 et
867 2306 1051 2341 Circenses
1079 2313 1114 2341 et
1139 2304 1266 2352 Magni
1293 2303 1477 2351 appellati.

127 2370 247 2404 Hosce
277 2380 297 2403 a
322 2368 472 2416 regibus
491 2368 676 2402 institutos
695 2366 821 2402 scribit
847 2366 1048 2411 Asconius,
1074 2372 1110 2401 et
1130 2368 1287 2412 Magnos
1313 2364 1478 2410 appella-

127 2435 185 2463 tos
198 2456 208 2473 ‚
228 2428 332 2476 quod
348 2428 489 2475 magnis
506 2427 677 2474 impensis
696 2426 856 2474 primum
877 2426 978 2471 faeti,
999 2427 1038 2461 id
1061 2433 1115 2462 est
1134 2424 1299 2461 ducentis
1317 2423 1477 2458 millibus

129 2502 336 2534 uummum3
354 2490 412 2524 vel
432 2488 518 2535 quia
538 2489 606 2523 diis
623 2489 763 2537 magnis
782 2488 893 2531 sacri,
913 2488 952 2522 id
972 2495 1023 2522 est
1045 2488 1199 2522 Laribus
1216 2485 1319 2520 urbis
1337 2485 1475 2518 Romae.

129 2549 286 2584 Eosdem
304 2562 387 2585 cum
408 2549 651 2585 Consualibus
676 2550 762 2584 facit
780 2548 979 2593 Asconius;
998 2548 1102 2595 quod
1119 2548 1267 2582 videtur
1285 2543 1394 2579 etiam
1417 2543 1476 2577 in-

130 2610 253 2646 dicare
272 2618 416 2646 sanctus
427 2610 649 2659 Cyprianus,
668 2610 764 2646 libro
784 2611 830 2645 de
842 2609 1089 2658 Spectaculis.-
1102 2602 1474 2650 «Romulus‚inquit,

1206 2689 1276 2716 22.
