1843 3166
352 277 363 298 ι
379 268 388 303 ¹,
853 259 916 292 DE
943 258 1178 293 ORATORE

342 347 520 388 buscum
562 343 638 387 tibi
664 344 782 402 justo
815 351 1085 385 sacramento
1121 338 1382 384 contendere
1415 354 1500 382 non
1531 336 1698 398 liceret,

344 426 559 484 Urgerent
594 432 798 484 praetcrea
830 420 1190 481 philosophorum
1219 436 1392 480 greges,
1425 419 1514 478 jam
1543 417 1596 461 ab
1623 416 1697 460 illo

344 504 485 558 fonte,
506 514 545 547 et
566 504 705 563 capite
729 482 922 554 Socrate,
953 500 1059 544 nihil
1086 510 1125 543 te
1146 499 1198 543 de
1227 500 1348 543 bonis
1371 499 1499 542 rebus
1522 499 1565 542 in
1589 497 1698 552 vita,

345 585 452 629 nihil
481 584 533 628 de
561 583 701 638 malis,
731 582 835 626 nihil
865 582 916 625 de
947 581 1079 625 animi
1112 580 1480 641 permotionibus,
1512 576 1620 622 nihil
1647 576 1700 620 de

345 665 568 709 hominum
591 664 802 717 moribus,
824 661 930 705 nihil
956 662 1007 706 de
1030 661 1198 704 ratione
1224 660 1320 703 vitae
1346 659 1566 715 didicisse,
1592 656 1700 700 nihil

345 746 525 789 omnino
554 745 771 804 quaesisse,
814 742 919 786 nihil
960 744 1067 785 scire
1104 741 1451 785 convincerent:
1485 748 1526 782 et
1565 754 1701 798 quum

347 826 533 869 universi
570 826 611 867 in
641 834 682 868 te
715 824 923 884 impetum
957 822 1173 878 fecissent,
1201 830 1292 864 tum
1322 818 1500 880 singulae
1530 817 1703 862 familiae

348 904 465 948 litem
507 905 581 948 tibi
613 904 898 948 intenderent.

410 987 595 1028 Instaret
607 983 855 1038 Academia,
876 998 970 1042 quae
987 981 1199 1042 quidquid
1218 980 1414 1035 dixisses,
1435 978 1479 1022 id
1498 988 1538 1022 te
1558 978 1703 1038 ipsum

348 1080 504 1125 negare
533 1073 718 1123 cogeret.
755 1064 887 1106 Stoici
923 1077 1024 1105 vcro
1057 1062 1192 1105 nostri
1228 1061 1574 1120 disputationum
1609 1074 1705 1102 sua·-

348 1158 444 1185 rum
478 1153 606 1201 atque
640 1141 1029 1201 interrogationum
1062 1139 1222 1198 laqueis
1268 1148 1307 1182 te
1343 1139 1559 1181 irretitum
1590 1146 1707 1180 tene-

348 1231 456 1265 rent.
489 1222 763 1281 Peripatetici
800 1230 941 1263 autem
979 1220 1108 1263 etiam
1148 1219 1236 1262 haec
1270 1220 1380 1278 ipsa,
1408 1233 1501 1277 quae
1531 1217 1708 1278 propria

349 1311 571 1345 oratorum
599 1311 772 1361 putares
797 1316 884 1343 esse
909 1299 1176 1358 adjumenta,
1203 1308 1332 1357 atque
1363 1306 1620 1341 ornamenta
1645 1296 1709 1340 di-

350 1382 500 1435 cendi,
526 1382 578 1425 ab
603 1398 647 1425 se
669 1381 757 1441 peti
776 1381 999 1423 vincerent
1021 1387 1221 1438 oportere
1242 1395 1250 1420 :
1275 1394 1324 1421 ac
1346 1395 1435 1421 non
1457 1376 1597 1421 solum
1622 1393 1710 1420 me-

352 1461 482 1517 liora,
512 1462 587 1506 sed
624 1463 753 1505 etiam
794 1460 930 1503 inulto
964 1457 1087 1519 plura
1119 1458 1395 1503 Aristotelem
1433 1458 1709 1517 Theophras-

352 1551 533 1603 tumque
562 1542 614 1586 de
648 1543 715 1586 his
746 1542 891 1595 rebus,
917 1555 1047 1600 quam
1081 1555 1230 1583 omnes
1262 1539 1431 1583 dicendi
1462 1539 1710 1600 magistros,

352 1623 568 1682 scripsisse
592 1621 881 1666 ostenderent.

417 1704 572 1748 Missos
608 1702 717 1746 facio
754 1701 1100 1756 mathematicos,
1137 1701 1461 1761 grammaticos,
1502 1700 1710 1752 musicos,

353 1801 538 1844 quorum
559 1784 722 1828 artibus
742 1794 881 1828 vestra
899 1784 977 1826 ista
995 1781 1168 1825 dicendi
1185 1782 1247 1825 vis
1268 1798 1322 1824 ne
1341 1781 1519 1824 minima
1536 1779 1712 1840 quidem

354 1865 556 1908 societate
594 1865 872 1925 contingitur.
910 1863 1209 1919 Quamobrem
1248 1862 1329 1905 ista
1363 1858 1501 1917 tanta,
1538 1870 1713 1920 tamque

355 1942 510 1997 multa,
539 1943 800 2003 profitenda,
832 1945 1004 1998 Crasse,
1030 1959 1117 1985 non
1138 1957 1304 1985 censeo.
1332 1941 1442 1983 Satis
1467 1940 1510 1982 id
1537 1949 1599 1983 est
1622 1957 1712 1982 ma-

355 2040 507 2084 gnum,
535 2023 653 2082 quod
692 2033 814 2083 potes
850 2032 1070 2083 praestare,
1111 2031 1157 2065 ut
1197 2022 1240 2064 in
1272 2020 1447 2080 judiciis
1481 2036 1530 2063 ea
1564 2036 1713 2074 causa,

355 2120 659 2164 quamcunque
686 2112 733 2145 tu
761 2103 884 2156 dicis,
914 2100 1065 2145 melior
1094 2111 1134 2144 et
1163 2100 1426 2161 probabilior
1452 2116 1541 2143 esse
1566 2099 1712 2142 videa-

356 2193 427 2226 tur
446 2201 454 2227 :
473 2193 521 2226 ut
545 2183 589 2226 in
611 2183 890 2226 concionibus
916 2191 958 2224 et
986 2181 1208 2223 sententiis
1233 2179 1426 2222 dicendis
1449 2178 1503 2222 ad
1528 2195 1704 2239 persua-

358 2263 548 2307 dendum
571 2273 645 2306 tua
673 2261 910 2322 plurimum
941 2259 1081 2304 valeat
1110 2261 1248 2304 oratio
1272 2277 1280 2303 :
1305 2259 1490 2318 denique
1525 2267 1573 2301 ut
1603 2275 1708 2318 pru-

358 2343 557 2387 dentibus
581 2342 762 2391 diserte,
785 2340 925 2384 stultis
948 2342 1076 2384 etiam
1096 2357 1194 2383 vere
1218 2339 1360 2382 dicere
1385 2339 1583 2382 videaris.
1615 2339 1709 2381 Hoc

359 2422 541 2482 amplius
568 2422 601 2464 si
625 2421 729 2480 quid
755 2421 914 2479 poteris
933 2454 944 2473 ,
979 2436 1067 2462 non
1101 2419 1144 2461 id
1171 2419 1276 2461 mihi
1300 2418 1518 2461 videbitur
1541 2426 1709 2469 orator,

360 2502 434 2546 sed
458 2503 637 2545 Crassus
665 2516 739 2543 sua
764 2500 949 2558 quadam
977 2499 1176 2559 propria,
1208 2515 1295 2541 non
1320 2497 1540 2541 communi
1564 2506 1705 2539 orato-

361 2599 456 2626 rum
480 2580 681 2625 facultate
696 2615 706 2634 ,
731 2596 866 2640 posse,

423 2665 497 2706 XI.
519 2663 629 2705 Tum
649 2660 741 2704 ille:
758 2661 858 2704 Non
880 2676 995 2710 sum,
1017 2660 1177 2718 inquit,
1198 2660 1381 2713 nescius,
1401 2658 1607 2713 Scaevola,
1634 2660 1711 2700 ista
1764 2698 1766 2700 ,
