1843 3166
318 212 364 242 (no
831 211 895 245 DF,
926 211 1156 246 ORATORE

317 292 449 351 (quod
471 292 556 337 ferc
571 294 658 352 jam
686 304 856 353 tompus
875 294 1093 345 adventat)
1117 295 1295 337 dclii-cri·
1313 296 1562 354 coepissent,
1592 297 1669 339 ista

317 373 370 415 ab
393 371 623 415 solitudine
653 373 827 416 domum
861 391 995 416 nicam
1024 374 1295 417 vindicarem.
1324 374 1441 429 Quid
1466 384 1529 417 cst
1554 376 1666 417 enim

319 451 587 511 praeclarius,
621 470 748 512 quam
789 453 1024 497 bonoribus
1059 464 1099 496 ct
1138 453 1382 514 rcipublicae
1420 454 1669 497 muneribus

319 531 593 590 perfunctum
627 550 791 587 senem,
826 550 947 593 poss(-
982 550 1058 576 suo
1085 535 1181 593 jure
1213 533 1353 576 ‹licei-c
1391 534 1522 588 idem,
1554 534 1668 593 qnod

319 611 432 671 apud
471 613 655 655 Ennium
689 613 799 655 dicat
836 612 905 655 ille
939 614 1117 672 Pythius
1152 612 1324 673 Apollo,
1355 630 1398 655 sc
1434 630 1523 657 esse
1554 630 1670 668 cum,

322 690 433 733 unde
461 691 560 744 sibi,
591 693 623 733 si
659 709 743 734 non
779 691 926 752 populi
960 702 1001 735 ct
1032 709 1174 753 reges,
1203 703 1245 735 at
1275 709 1422 736 omnes
1457 695 1520 736 sui
1558 694 1670 737 cives

321 769 546 813 consilium
571 782 793 831 expetant,

423 878 575 911 Suarum
594 890 716 912 rerum
736 879 882 922 incerti;
905 892 995 926 quos
1016 891 1084 926 ego
1104 892 1181 914 mea
1203 892 1273 926 ope
1293 891 1334 914 ex

422 937 574 972 Incertis
592 945 731 982 certos,
752 947 1012 987 compotesque
1031 940 1160 974 consili

424 998 599 1039 Dimitto,
621 1006 658 1033 ut
678 1011 722 1034 ne
741 1011 797 1034 res
813 1006 949 1035 temere
967 1008 1121 1035 tractent
1141 1002 1318 1036 turbidas.

384 1091 458 1132 Est
480 1091 592 1132 enim
619 1092 710 1134 sine
730 1091 862 1135 dubio
883 1091 1035 1135 domus
1051 1093 1345 1151 jurisconsulti
1370 1096 1501 1136 totius
1519 1110 1669 1136 oracu-

322 1167 411 1210 lum
432 1170 626 1213 civitatis.
650 1172 788 1214 Testis
812 1181 876 1215 est
902 1172 1080 1231 hujusce
1103 1174 1158 1228 Q.
1177 1174 1311 1216 Mucii
1330 1174 1464 1232 janua
1483 1183 1523 1216 et
1548 1175 1673 1217 vesti-

322 1246 495 1303 bulum,
518 1249 635 1308 quod
657 1251 698 1292 in
719 1251 810 1310 ejus
835 1251 1124 1295 infirmissima
1150 1251 1413 1308 valetudine,
1438 1252 1673 1312 affectaque

318 1328 406 1386 jam
431 1338 578 1384 aetate,
603 1332 786 1374 maxima
808 1331 1000 1390 quotidie
1026 1330 1263 1391 frequentia
1290 1333 1470 1388 civium,
1495 1349 1544 1376 ac
1565 1350 1675 1376 sum-

323 1424 492 1451 morum
513 1409 737 1453 hominum
759 1410 988 1471 splendore
1007 1411 1261 1456 celebratur.

386 1490 540 1532 XLVI.
574 1493 669 1533 Jam
698 1507 800 1534 vero
827 1490 898 1535 illa
924 1509 1009 1535 non
1043 1492 1215 1552 longam
1247 1494 1484 1536 orationem
1513 1492 1676 1535 deside-

322 1578 439 1623 rant,
465 1571 746 1628 quamobrem
775 1572 1014 1615 existimem
1044 1571 1217 1632 publica
1244 1590 1416 1633 quoque
1439 1574 1558 1632 jura,
1583 1590 1678 1632 quae

322 1658 421 1692 sunt
452 1651 625 1710 propria
658 1651 843 1695 civitatis
878 1661 1006 1711 atque
1044 1652 1234 1712 imperii,
1271 1662 1363 1695 tum
1399 1662 1675 1695 monumenta

323 1743 466 1772 rerum
488 1739 723 1789 gestarum,
738 1740 780 1774 et
798 1732 1022 1774 vetustatis
1042 1729 1236 1791 exempla
1249 1765 1260 1787 ,
1284 1732 1446 1773 oratori
1466 1740 1567 1774 nota
1588 1747 1677 1774 esse

323 1808 491 1851 debere.
519 1811 630 1854 Nam
658 1820 706 1853 ut
728 1811 772 1853 in
798 1827 943 1854 rerum
973 1812 1238 1871 privatarum
1261 1811 1398 1853 causis
1421 1820 1550 1870 atque
1568 1810 1679 1871 judi-

322 1889 398 1931 ciis
417 1888 707 1948 depromenda
725 1907 834 1951 saepe
851 1891 989 1934 oratio
1009 1900 1074 1934 est
1095 1907 1144 1933 ex
1163 1891 1260 1950 jure
1280 1888 1414 1943 civili,
1435 1900 1477 1932 et
1498 1889 1678 1941 idcirco,

323 1977 372 2011 ut
394 1977 492 2011 ante
520 1968 723 2022 diximus,
753 1971 915 2013 oratori
939 1971 1048 2029 juris
1079 1968 1217 2012 civilis
1243 1970 1419 2012 scientia
1446 1971 1678 2012 necessaria

322 2057 386 2090 est
410 2064 419 2090 z
451 2048 511 2090 sic
544 2049 588 2091 in
618 2050 755 2092 causis
782 2048 965 2108 publicis
992 2049 1280 2108 judiciorum,
1305 2049 1586 2103 concionum,
1614 2066 1677 2092 se-

323 2137 470 2181 natus,
504 2128 642 2170 omnis
679 2128 769 2171 haec
804 2138 847 2171 et
879 2129 1147 2187 antiquitatis
1184 2128 1408 2183 memoria,
1444 2137 1486 2170 et
1516 2127 1677 2188 publici

319 2206 430 2265 juris
452 2207 706 2262 auctoritas,
730 2216 773 2249 et
793 2207 990 2267 regendae
1012 2206 1259 2266 reipublicae
1281 2207 1391 2249 ratio
1411 2222 1459 2249 ac
1482 2207 1677 2258 scientia,

323 2295 528 2344 tanquam
553 2285 695 2346 aliqua
725 2287 940 2342 materies,
969 2287 1018 2330 iis
1051 2287 1317 2342 oratoribus,
1344 2287 1418 2345 qui
1448 2295 1675 2330 versantur

324 2365 367 2406 in
385 2364 626 2423 republica,
651 2365 842 2425 subjecta
861 2383 951 2409 esse
972 2366 1143 2409 debent.
1263 2419 1269 2426 ·

386 2445 487 2486 Non
512 2445 626 2487 enim
648 2445 913 2488 causidicum
937 2447 1080 2489 nescio
1105 2463 1254 2505 quem,
1283 2462 1420 2506 neque
1440 2444 1676 2506 proclama-

325 2532 461 2565 torem
480 2557 491 2578 ,
519 2533 593 2566 aut
623 2523 816 2567 rabulam
847 2525 929 2568 hoc
960 2542 1155 2568 sermone
1182 2535 1330 2569 nostro
1359 2523 1675 2583 conquirimus,

326 2600 397 2643 scd
421 2618 518 2645 eum
542 2603 700 2656 virum,
724 2604 796 2662 qui
818 2605 1003 2664 primum
1028 2605 1080 2646 sit
1103 2605 1192 2663 ejus
1211 2605 1313 2647 artis
1334 2603 1528 2657 antistes,
1554 2602 1676 2661 cujus
