1843 3166
318 154 390 190 226
840 152 905 188 DE
933 151 1172 188 ORATORE

316 239 431 282 enim
456 237 689 300 repelletur
713 236 835 293 inde,
859 254 945 298 quo
969 235 1147 298 aggredi
1172 233 1344 295 cupiet3
1368 233 1441 276 sed
1465 233 1508 277 in
1534 234 1682 277 hortu-

316 319 368 364 lis
394 321 584 380 quiescet
605 322 714 376 suis,
750 317 825 362 ubi
853 317 968 375 vult,
993 318 1068 361 ubi
1096 318 1224 360 etiam
1256 314 1468 359 recubans
1495 312 1683 358 molliter

316 411 360 446 et
384 401 587 458 delicate,
613 418 690 445 nos
711 410 865 444 avocat
885 415 909 443 a
929 399 1098 451 rostris,
1121 415 1145 441 a
1160 396 1355 457 judiciis,
1384 412 1408 439 a
1428 395 1568 452 curia,
1595 394 1683 438 for—

316 491 424 527 tasse
447 484 678 543 sapienter,
707 483 789 526 hac
812 481 1048 542 praesertim
1072 478 1309 540 republica.

376 565 544 612 Verum
580 579 660 624 ego
700 579 787 606 non
824 577 969 622 quaero
1005 576 1140 616 nunc,
1187 575 1281 619 quae
1317 559 1371 602 sit
1408 557 1685 618 philosophia

315 643 554 700 verissima,
593 643 665 687 sed
698 660 792 703 quae
827 643 990 686 oratori
1025 641 1260 701 conjuncta
1294 640 1493 684 maxime.
1536 640 1685 696 Quare

315 723 419 766 istos
440 724 530 765 sine
552 722 638 766 ulla
657 722 922 766 contumelia
939 722 1233 777 dimittamus;
1257 730 1358 764 sunt
1378 721 1494 764 enim
1517 730 1558 763 et
1581 720 1684 763 boni

315 803 421 857 viri,
455 811 497 846 et
524 803 730 862 quoniam
765 803 844 845 sibi
882 803 940 845 ita
977 801 1197 856 videntur,
1237 800 1383 845 beati:
1421 810 1684 861 tantumque

313 898 384 925 eos
409 882 736 938 admoneamus,
766 892 813 926 ut
836 881 968 936 illud,
996 881 1127 925 etiam
1151 881 1186 924 si
1209 890 1274 925 est
1298 881 1596 936 verissimum,
1624 891 1684 924 ta-

313 963 446 1006 citum
474 972 646 1020 tamen,
686 972 895 1022 tanquam
924 962 1198 1022 mysterium,
1239 970 1434 1017 teneant,
1464 960 1581 1020 quod
1611 977 1684 1004 ne-

312 1053 417 1104 gant
436 1044 596 1087 versari
619 1045 663 1087 in
684 1042 909 1104 republica
932 1059 1023 1087 esse
1045 1043 1266 1103 sapientis.
1292 1043 1426 1097 Nam,
1449 1042 1483 1085 si
1504 1042 1587 1085 hoc
1608 1058 1685 1085 no-

310 1123 395 1181 bis,
428 1134 559 1184 atque
592 1125 758 1185 optimo
793 1125 954 1185 cuique
991 1124 1301 1185 persuaserint,
1344 1139 1433 1166 non
1473 1132 1680 1184 poterunt

310 1204 391 1265 ipsi
411 1222 522 1261 esse,
551 1204 594 1248 id
617 1204 734 1265 quod
756 1206 943 1249 maxime
968 1206 1177 1266 cupiunt,
1205 1204 1347 1248 otiosi.

372 1287 550 1330 XVIII.·*
572 1286 740 1330 Stoicos
775 1296 944 1341 autem,
985 1302 1093 1345 quos
1126 1285 1306 1328 minime
1344 1284 1569 1345 improbo,
1612 1284 1679 1328 di—

310 1365 436 1408 mitto
467 1375 631 1422 tamen,
669 1382 747 1409 nec
777 1381 848 1409 eos
885 1366 1017 1408 iratos
1049 1381 1216 1421 vereor,
1257 1365 1464 1424 quoniam
1500 1366 1678 1408 omnino

311 1446 438 1489 irasci
466 1446 688 1501 nesciunt3
717 1455 848 1505 atque
866 1445 978 1488 hanc
999 1446 1051 1489 iis
1070 1445 1210 1489 habeo
1231 1445 1434 1505 gratiam,
1458 1445 1576 1505 quod
1596 1444 1676 1489 soli

309 1541 362 1568 ex
387 1526 587 1569 omnibus
614 1525 933 1585 eloquentiam,
972 1526 1180 1568 virtutem
1216 1541 1265 1568 ac
1298 1525 1555 1585 sapientiam
1586 1542 1677 1569 esse

307 1604 521 1649 dixerunt.
553 1605 637 1650 Sed
661 1615 896 1664 utrumque
920 1614 984 1648 est
1006 1605 1051 1647 in
1077 1605 1164 1659 his,
1194 1604 1312 1663 quod
1337 1605 1391 1647 ab
1418 1605 1521 1661 hoe,
1547 1622 1677 1665 quem

307 1686 583 1742 instruimus,
612 1695 785 1729 oratore
810 1684 936 1728 valde
956 1684 1216 1728 abhorreat:
1248 1683 1337 1741 vel,
1367 1684 1483 1744 quod
1507 1702 1677 1741 omnes,

307 1767 382 1826 qui
405 1768 619 1827 sapientes
640 1784 727 1810 non
751 1767 855 1823 sint,
883 1782 1051 1821 servos,
1076 1764 1283 1821 latrones,
1305 1766 1475 1823 hostes,
1504 1767 1676 1810 insanos

306 1863 396 1891 esse
432 1848 606 1902 dicunt3
645 1864 784 1908 neque
813 1857 958 1891 tamen
995 1862 1258 1907 quemquam
1291 1863 1382 1891 esse
1419 1848 1672 1908 sapientem.

302 1925 441 1971 Valde
459 1937 603 1970 autem
622 1937 685 1971 est
705 1927 942 1971 absurdum
956 1961 967 1983 ,
995 1928 1032 1969 ei
1058 1927 1335 1981 concionem,
1360 1936 1436 1971 aut
1452 1937 1648 1971 senatum
1661 1961 1672 1983 ,

302 2016 378 2050 aut
403 2005 541 2051 ullum
568 2017 728 2051 coetum
747 2008 972 2050 hominum
999 2007 1295 2064 committere,
1322 2008 1391 2050 eui
1416 2024 1543 2050 nemo
1571 2006 1669 2051 illo-

301 2102 419 2142 rum,
461 2088 536 2147 qui
567 2087 732 2144 adsint,
766 2103 919 2141 samm,
961 2105 1088 2132 nemo
1114 2088 1239 2145 civis,
1280 2104 1406 2132 nemo
1434 2087 1543 2131 liber
1574 2104 1666 2132 esse

300 2165 510 2209 videatur.

362 2246 540 2290 Accedit
572 2247 689 2307 quod
714 2249 922 2292 orationis
949 2250 1080 2293 etiam
1116 2265 1250 2310 genus
1286 2250 1449 2294 habent
1484 2249 1665 2295 fortasse

297 2325 477 2380 subtile,
504 2336 546 2370 et
565 2338 680 2372 certe
698 2339 903 2386 acutum,
932 2329 1030 2386 sed,
1059 2331 1169 2373 utin
1191 2341 1387 2387 oratore,
1413 2329 1543 2388 exile,
1568 2332 1665 2376 inu-

296 2407 498 2463 sitatum,
525 2408 762 2453 abhorrens
787 2410 839 2453 ab
866 2410 1043 2454 auribus
1066 2410 1211 2472 vulgi,
1241 2412 1497 2465 obscurum,
1519 2412 1663 2468 inane,

293 2485 516 2545 jejunum,
559 2499 748 2534 attamen
779 2490 1013 2551 ejusmodi,
1048 2509 1134 2552 quo
1170 2493 1233 2536 uti
1266 2493 1321 2537 ad
1355 2491 1509 2553 vulgus
1543 2493 1665 2537 nullo

298 2565 429 2608 modo
454 2569 603 2628 possit.
633 2568 722 2613 Alia
746 2572 862 2614 enim
882 2580 925 2613 et
946 2571 1060 2614 bona
1080 2583 1121 2615 et
1140 2572 1251 2616 mala
1272 2572 1476 2615 videntur
1498 2574 1663 2631 stoicis,
