1843 3166
759 221 902 256 LIBER
933 222 998 256 111.
1482 221 1551 258 261

197 304 306 361 Quae
327 321 461 365 quum
490 303 662 348 dixisset
685 304 727 347 in
751 304 981 348 Albucium
1004 303 1208 361 illudens,
1237 323 1287 349 ne
1311 324 1334 350 a
1367 323 1433 350 me
1458 306 1554 366 qui-

200 384 296 427 dem
317 384 549 439 abstinuit,

300 515 467 550 Crassum
485 513 606 549 habeo
627 525 802 561 generum
815 541 824 559 ,
845 527 891 549 ne
909 514 1193 550 rhetoricotero’
1209 521 1247 548 tu
1263 514 1322 549 sis.

198 633 315 691 Quid
332 632 459 694 ergo?
482 634 559 677 iste
581 635 779 690 Crassus,
803 636 1008 693 quoniam
1033 634 1124 694 ejus
1148 632 1337 676 abuteris
1357 631 1553 686 nomine,

197 714 303 774 quid
322 712 478 758 efficit?
495 713 616 758 Idem
634 713 742 758 illud
768 713 950 769 scilicet,
973 723 1022 756 ut
1044 712 1114 756 ille
1135 712 1293 767 voluit,
1317 722 1358 756 et
1378 727 1456 772 ego
1475 710 1557 754 vel-

196 793 299 849 lem,
318 793 472 838 melius
491 793 733 854 aliquanto,
751 811 880 854 quam
901 793 1128 838 Albucius:
1152 809 1301 837 verum
1319 793 1361 835 in
1379 808 1445 835 me
1460 792 1555 851 qui-

197 875 293 919 dem
319 874 423 918 lusit
447 873 538 927 ille,
559 883 606 917 ut
630 873 752 918 solet.

259 954 343 999 Sed
364 964 426 998 est
446 964 588 998 tamen
611 955 700 998 haec
723 953 949 998 collocatio
975 952 1272 998 conservanda
1295 952 1528 995 verborum
1544 985 1555 1005 ,

197 1034 355 1094 de-qua
379 1033 549 1094 loquor,
589 1051 679 1094 quae
699 1035 895 1095 junctam
920 1034 1160 1077 orationem
1189 1032 1341 1088 efficit,
1365 1047 1459 1091 quae
1483 1047 1556 1073 co-

198 1114 454 1169 haerentem,
493 1131 588 1174 quae
621 1113 783 1168 lenem,
811 1130 905 1174 quae
943 1112 1209 1174 aequabiliter
1247 1111 1464 1155 fluentem.
1507 1108 1558 1152 Id

199 1194 508 1254 assequemini,
535 1194 569 1237 si
591 1194 720 1237 verba
748 1203 936 1237 extrema
969 1210 1066 1237 cum
1087 1190 1448 1251 consequentibus
1471 1189 1558 1248 pri-

197 1274 278 1319 mis
305 1275 363 1317 ita
384 1274 576 1334 jungetis
593 1308 604 1329 ,
634 1283 681 1317 ut
702 1289 756 1316 ne
786 1289 934 1333 aspere
964 1280 1247 1327 concurrant,
1272 1285 1377 1312 neve
1396 1267 1556 1312 vastius

200 1352 473 1396 diducantur.

264 1464 275 1476 i
305 1435 415 1476 LIV.
450 1436 571 1476 Hanc
595 1432 862 1493 diligentiam
888 1432 1165 1490 subsequitur
1187 1428 1341 1473 modus
1362 1428 1490 1472 etiam
1513 1436 1557 1470 et

196 1512 335 1556 forma
356 1512 610 1565 verborum,
633 1510 750 1570 quod
769 1511 856 1571 jam
879 1526 1031 1554 vereor
1047 1526 1102 1553 ne
1125 1509 1226 1552 huic
1242 1506 1398 1553 Catulo
1416 1506 1558 1550 videa-

197 1603 269 1636 tur
296 1609 387 1635 esse
415 1591 591 1652 puerile.
630 1594 793 1634 Versus
819 1592 933 1633 enim
960 1599 1125 1633 veteres
1156 1588 1217 1632 illi
1246 1590 1290 1631 in
1313 1589 1395 1631 hac
1418 1585 1559 1631 soluta

199 1673 394 1715 oratione
418 1670 755 1730 propemodum,
781 1670 864 1713 hoc
888 1680 975 1725 est,
997 1685 1199 1712 numeros
1223 1667 1452 1728 quosdam,
1484 1682 1560 1709 no-

200 1754 265 1796 bis
300 1768 390 1795 esse
424 1750 691 1794 adhibendos
722 1759 1000 1810 putaverunt.
1026 1748 1396 1810 Interspirationis
1425 1747 1560 1801 enim,

204 1849 291 1875 non
321 1831 638 1891 defatigationis
668 1840 823 1873 nostrae
841 1865 851 1885 ,
873 1846 1014 1890 neque
1031 1828 1308 1872 librariorum
1326 1827 1460 1882 notis,
1487 1824 1561 1869 sed

204 1913 434 1955 verborum
460 1920 503 1954 et
533 1911 844 1954 sententiarum
870 1909 999 1954 modo
1022 1910 1323 1969 interpunctas
1347 1905 1560 1951 clausulas

202 1994 247 2035 in
274 1991 541 2035 orationibus
567 2008 657 2035 esse
687 1990 944 2034 voluerunt:
973 1989 1103 2049 idque
1126 1990 1328 2049 princeps
1349 1989 1560 2030 Isocrates

203 2072 440 2116 instituisse
478 2071 644 2128 fertur3
686 2081 735 2114 ut
770 2070 1036 2114 inconditam
1069 2070 1348 2128 antiquorum
1389 2064 1561 2109 dicendi

204 2151 580 2207 consuetudinem,
605 2149 899 2194 delectationis
917 2160 1048 2210 atque
1063 2150 1235 2192 aurium
1249 2163 1375 2191 causa
1390 2146 1562 2207 (quern-

204 2232 438 2276 admodum
459 2232 607 2276 scribit
627 2230 864 2292 discipulus
885 2231 977 2291 ejus
990 2228 1256 2288 Naucrates)
1273 2227 1466 2271 numeris
1484 2224 1558 2269 ad·

206 2313 452 2373 stringeret.

266 2394 468 2453 Namque
499 2393 589 2437 haec
625 2392 714 2437 duo
743 2393 916 2450 musici,
942 2392 1017 2452 qui
1041 2401 1164 2435 erant
1188 2389 1407 2451 quondam
1430 2387 1558 2432 iidem

204 2482 340 2533 poetae
355 2507 366 2529 ,
406 2473 640 2517 machinati
679 2474 733 2517 ad
766 2472 1031 2533 voluptatem
1071 2481 1192 2528 sunt,
1228 2485 1397 2513 versum
1434 2477 1564 2526 atque

205 2562 400 2609 cantum,
424 2562 472 2596 ut
496 2562 538 2596 et
552 2553 785 2597 verborum
803 2569 1003 2609 numero,
1025 2562 1065 2596 et
1078 2568 1231 2596 vocum
1254 2547 1383 2593 modo
1397 2581 1409 2603 ,
1432 2545 1565 2590 delec-

206 2633 368 2676 tatione
401 2633 627 2677 vincerent
662 2634 834 2676 aurium
868 2633 1121 2677 satietatem.
1151 2634 1250 2676 Haec
1279 2629 1411 2690 igitur
1450 2626 1563 2682 duo,
