1843 3166
290 199 362 236 338
790 194 855 229 DE
885 193 1134 229 ORATORE.

341 277 428 312 Cn.
451 273 570 309 LXX.
592 271 758 307 Liberum
770 278 875 318 puto.
895 270 940 306 Id
960 276 1032 316 est,
1052 269 1187 305 nullius
1210 281 1285 305 esse
1309 276 1401 316 puto
1415 297 1425 314 ,
1452 270 1643 306 dominum

286 337 425 373 habere
445 347 523 370 non
542 332 720 369 existimo.
733 331 863 367 Videri
881 331 991 367 etiam
1008 330 1169 378 cuipiam
1180 331 1332 367 fortasse
1349 338 1474 378 posset
1492 332 1645 368 ductum

288 410 310 433 a
340 395 566 444 pecudibus,
597 406 678 441 quae
705 392 774 428 diis
803 392 1125 436 consecrabantur,
1149 392 1455 439 vocabanturque
1482 398 1581 432 ἄνετα
1610 400 1648 429 et

288 465 391 509 ᾱφιτα
410 464 476 502 ζῶα
496 468 577 504 quae
596 455 672 491 sine
692 453 846 490 custode
865 453 981 489 libere
999 454 1255 500 pascebantur.
1281 454 1406 488 Tuan.

340 518 476 564 Ejero,
504 517 642 564 inquit5
661 516 805 563 iniquus
834 523 896 550 est.
915 513 1082 561 Rejicio,
1107 513 1247 562 inquit,
1272 513 1438 560 judicem
1462 513 1646 562 iniquum.

286 581 383 617 Nam
401 579 540 625 ejerare
560 584 614 613 est
638 584 815 624 tanquam
832 575 1080 622 jurejurando
1106 574 1230 610 testari
1258 586 1296 609 se
1321 586 1500 610 recusare.
1522 577 1647 621 Quum

288 648 411 676 autem
436 639 565 674 Nasica
583 637 755 683 ejerasset
778 636 949 683 iniquum
967 636 1166 671 Scaevolam
1182 662 1191 679 ‚
1211 641 1336 670 secuta
1360 642 1414 670 est
1428 636 1648 670 admurmu-

287 700 384 736 ratio
403 698 567 733 omnium
579 725 588 742 ,
607 704 763 743 propter
776 695 947 731 eximiam
966 695 1012 730 de
1027 696 1189 730 Scaevola
1201 694 1380 741 aequitatis
1400 702 1436 729 et
1452 696 1649 742 probitatis

290 760 516 808 opinionem.
543 760 680 793 Praeter
707 755 1021 803 exspectationem
1046 762 1170 790 tamen
1193 767 1343 789 rursum
1365 766 1449 791 eum
1475 757 1649 792 omnibus

290 820 419 858 Nasica
436 819 607 866 iniquum
627 816 795 864 ejeravit,
816 815 921 864 quod
939 815 977 850 in
994 816 1187 850 consulatu
1206 827 1352 850 causam
1370 815 1560 862 publicam
1579 817 1647 852 de-

288 882 568 927 seruisset,n0n
586 891 666 915 eam
685 877 793 914 armis
812 877 988 913 adversus
1006 876 1088 912 Tib.
1101 876 1311 912 Gracchum
1322 876 1649 924 defendisset‚pa-

288 943 483 990 tribusque
509 941 588 987 ejus
609 952 717 989 opem
736 937 1022 987 implorantibus
1039 944 1206 986 negasset
1230 950 1267 973 se
1295 937 1502 985 quidquam
1519 938 1555 973 vi
1575 950 1651 974 esse

289 1011 468 1040 acturum.
492 1003 618 1037 TURN.

342 1065 429 1101 Cn.
448 1063 589 1100 LXXI.
613 1061 841 1097 Sentenciose
858 1059 1013 1095 ridicula
1030 1060 1211 1094 dicuntur.
1239 1058 1285 1093 Id
1304 1065 1377 1104 est,
1399 1064 1506 1093 acute
1532 1064 1568 1094 et
1592 1071 1652 1094 ar-

289 1132 395 1174 gute,
416 1132 459 1160 ut
480 1136 606 1160 sensus
623 1135 701 1158 non
721 1121 892 1158 omnibus
911 1120 1032 1157 statim
1050 1127 1194 1168 pateat3
1212 1126 1255 1154 ut
1273 1119 1312 1154 in
1330 1120 1422 1165 hoc,
1443 1119 1548 1166 cujus
1565 1132 1651 1155 sen-

289 1198 350 1221 sus
368 1192 422 1221 est
440 1198 448 1220 :
468 1186 520 1221 Ut
539 1196 597 1230 ea,
618 1195 700 1231 quae
719 1183 814 1218 soles
837 1181 974 1230 pacisci
990 1194 1061 1228 pro
1089 1180 1205 1217 causis
1232 1179 1404 1228 agendis,
1419 1180 1552 1226 dona,
1571 1193 1653 1228 quae

289 1247 384 1281 soles
412 1245 579 1293 accipere
607 1256 800 1279 causarum
825 1243 1052 1292 agendarum
1078 1254 1206 1287 causa,
1231 1253 1309 1276 non
1331 1248 1418 1288 post
1441 1241 1516 1277 haec
1542 1241 1654 1290 gratis

290 1306 469 1354 accipias,
491 1305 557 1341 sed
575 1317 684 1341 emas.
704 1305 800 1341 ERN.

343 1369 401 1403 De
422 1368 528 1402 donis
554 1374 592 1402 et
620 1365 839 1401 muneribus.
867 1365 921 1398 M.
948 1362 1116 1407 Cincius,
1139 1362 1196 1397 vir
1219 1363 1333 1398 aetatis
1365 1362 1583 1407 Lucilianae,
1612 1369 1654 1397 ut

290 1427 506 1463 Macrobius
539 1425 687 1470 scribit,
714 1425 834 1472 legem
866 1424 952 1458 tulit
978 1424 1224 1468 muneralem,
1255 1436 1329 1471 qua
1365 1423 1576 1468 cavebatur,
1608 1435 1655 1458 ne

292 1488 392 1535 quis,
417 1488 467 1522 ob
496 1498 640 1522 causam
667 1485 866 1526 orandam,
888 1495 1023 1517 munus
1054 1491 1116 1518 aut
1145 1484 1287 1519 donum
1317 1491 1476 1531 caperet.
1501 1486 1557 1519 De
1583 1496 1656 1531 qua

290 1547 461 1594 loquitur
487 1548 655 1589 Plautus,
686 1555 804 1591 quum
826 1542 915 1577 dicit
943 1555 952 1576 z
979 1558 993 1573 «
1015 1543 1147 1588 Neque
1168 1544 1415 1588 muneralem,
1439 1556 1555 1579 necne
1581 1545 1655 1578 Le-

290 1606 461 1652 noniam,
479 1611 609 1654 rogata
626 1615 694 1639 nec
718 1615 765 1637 ne
788 1600 916 1645 fuerit,
936 1599 1044 1636 flocci
1065 1601 1214 1636 aestimo.
1231 1618 1245 1633 »
1264 1603 1354 1636 Eam
1372 1605 1490 1651 legem
1518 1603 1653 1638 admo-

292 1668 381 1704 dum
400 1679 511 1703 senex
529 1665 641 1702 suasit
659 1663 794 1701 Fabius
812 1660 1007 1696 Maximus.
1036 1662 1159 1695 Verba
1179 1661 1289 1706 hujus
1308 1661 1398 1710 legis
1418 1663 1656 1710 quaestionem

292 1729 495 1764 attulerunt
505 1754 514 1772 ‚
527 1726 620 1774 quid
631 1725 772 1760 donum
784 1733 966 1758 amunere
978 1719 1126 1754 differat
1139 1732 1146 1754 :
1161 1720 1286 1755 Labeo
1298 1733 1412 1768 genus
1426 1733 1501 1756 esse
1515 1722 1656 1757 donum

293 1789 344 1824 ait
361 1801 381 1825 a
401 1788 578 1824 donando
606 1786 765 1830 dictum,
785 1782 943 1830 speciem
970 1793 1123 1825 munus;
1144 1793 1230 1816 nam
1253 1794 1388 1817 munus
1410 1794 1485 1818 esse
1515 1783 1655 1818 donum

293 1861 378 1884 cum
397 1860 521 1892 causa,
548 1853 589 1881 ut
610 1853 701 1893 puta
718 1843 947 1888 natalitium,
969 1841 1203 1889 nuptiarum,
1228 1849 1263 1877 et
1284 1843 1392 1890 quale
1411 1850 1655 1890 patronorum

293 1910 404 1945 fuerit
420 1907 674 1944 honorarium.
696 1908 821 1941 Tum«.

344 1970 431 2005 (ΖΜ).
461 1969 633 2004 LXXIII.
664 1967 767 2002 Mihi
795 1968 915 2003 viden·
939 1965 1189 2001 tectissimum.
1210 1964 1295 1999 Haec
1319 1971 1371 1999 est
1395 1976 1481 1999 vera
1508 1971 1544 1999 et
1571 1972 1654 2011 apta

293 2031 330 2066 h.
352 2031 375 2066 l.
408 2029 530 2066 lectio.
562 2028 656 2064 Edd.
676 2034 765 2064 vett.
792 2028 933 2063 habent
959 2026 1213 2068 lectissimum,
1239 2031 1280 2060 ut
1309 2026 1386 2061 MS.
1419 2025 1458 2059 E.
1468 2052 1479 2069 ‚
1505 2030 1543 2059 et
1569 2024 1654 2060 edd.

294 2091 370 2126 aliae
389 2098 541 2125 veteres.
561 2089 806 2125 Tectissimum
819 2089 930 2123 habet
948 2086 1087 2131 Aldus,
1108 2099 1153 2121 ex
1170 2086 1241 2121 hoc
1261 2087 1372 2120 Junta
1386 2099 1394 2120 ε
1409 2092 1570 2120 ceterum
1588 2098 1655 2132 per

294 2151 563 2187 correctionem
586 2163 605 2186 a
631 2156 828 2194 contextu,
855 2156 895 2183 ut
917 2148 1064 2195 opinor.
1085 2148 1210 2195 Vulgo
1230 2147 1492 2189 rectissimum‚·
1517 2146 1583 2182 sed
1608 2146 1654 2181 de

294 2213 365 2247 hoc
390 2224 466 2246 non
491 2211 725 2258 quaerebatur
744 2223 752 2244 :
773 2210 989 2244 tectissimus
1009 2215 1062 2243 est
1087 2206 1314 2243 cautissimus
1336 2207 1375 2242 in
1403 2205 1562 2242 dicendo
1576 2234 1586 2252 ,
1607 2219 1653 2241 ne

297 2272 390 2319 quid
416 2272 582 2316 excidat,
604 2271 708 2318 quod
727 2270 919 2305 adversum
943 2270 999 2305 sit.
1024 2270 1119 2305 ERN.

349 2334 435 2368 Cn.
455 2332 667 2367 LXXVIII.
684 2332 799 2376 Quum
819 2332 1008 2366 brachium
1019 2328 1308 2375 concalcfecerit·
1326 2330 1413 2364 Non
1432 2327 1587 2363 tacenda
1601 2336 1654 2363 est

297 2392 406 2427 lectio
432 2391 516 2427 edd.
536 2398 624 2427 vett.
653 2404 660 2425 :
686 2408 699 2422 «
715 2392 764 2437 Ii,
785 2405 879 2439 quos
898 2392 1061 2427 Bacchus
1080 2388 1357 2425 concalefecerit
1370 2416 1379 2433 ,
1399 2395 1476 2423 tum
1495 2399 1532 2422 se
1551 2386 1654 2422 aiunt

298 2452 435 2500 optime
448 2465 624 2501 pugnare.
643 2469 655 2482 υ
675 2453 747 2488 Sed
773 2460 813 2488 ut
833 2453 1010 2489 sententia
1028 2453 1127 2487 bona
1147 2451 1212 2496 sit,
1231 2458 1352 2485 tamen
1376 2461 1453 2484 non
1472 2447 1653 2484 consentit

298 2513 535 2559 sequentibus
549 2541 558 2558 ,
578 2520 641 2547 aut
667 2513 719 2547 rei
746 2513 940 2559 universae;
961 2513 1075 2549 simile
1104 2511 1197 2559 quid
1219 2518 1271 2547 est
1302 2511 1339 2545 in
1363 2511 1438 2545 MS.
1460 2510 1501 2544 E.
1527 2522 1536 2543 ε
1558 2510 1651 2543 Bac-¹

300 2573 407 2606 chum
428 2585 545 2619 quum
570 2573 783 2610 calefecerit.
802 2575 893 2609 ERN.
