1843 3166
303 208 371 244 328
806 208 870 242 DE
903 206 1148 242 ORATORE.

298 284 374 329 jam
394 282 530 327 exitus,
550 293 626 316 non
645 282 787 317 fabulae.
804 298 818 314 υ
838 282 1155 318 Pantomimorum
1172 280 1232 315 hic
1250 293 1327 315 non
1339 280 1512 316 meminit.
1528 281 1657 316 Exorti

298 343 397 377 enim
425 350 554 390 postea
585 350 686 389 sunt,
716 343 920 389 imperante
950 346 1138 391 Augusto,
1166 348 1346 388 erantque
1376 342 1565 377 saltatores
1591 342 1658 389 qui

300 410 405 451 gestu
423 403 595 439 historias
614 411 650 438 et
670 403 811 440 fabulas
830 404 882 438 ita
899 403 1171 451 exprimebant,
1191 409 1233 436 ut
1251 402 1320 436 sub
1344 402 1472 436 oculos
1496 401 1659 447 subjice-

300 472 399 510 rent,
417 464 466 500 ad
485 477 596 512 quam
615 464 844 499 saltationem
868 464 1031 512 respexit
1056 464 1250 508 Horatius,
1269 475 1384 510 quum
1404 461 1496 497 dixit
1516 475 1524 496 ι
1553 476 1572 493 «ι
1585 463 1658 496 Pa-

299 532 435 561 storem
451 527 597 561 saltaret
616 526 670 560 uti
690 526 876 574 Cyclopea
894 526 1095 574 rogabat»;
1116 532 1151 560 et
1170 527 1189 560 J
1194 523 1379 568 uvenalis,
1401 523 1474 558 Sat.
1497 535 1557 568 v1,
1578 522 1625 558 63
1650 535 1659 556 ε

299 603 313 616 «
330 586 585 622 Chironomon
604 586 750 621 Laedam
768 586 871 622 molli
890 588 1042 621 saltante
1061 586 1241 633 Bathyllo.
1264 600 1278 616 »
1301 585 1422 619 TURN.

349 648 435 682 CAP.
456 649 536 682 LX.
555 648 743 682 Granium.
759 649 968 682 Praeconem
975 674 984 691 ‚
998 647 1103 693 cujus
1122 647 1238 681 multa
1257 645 1355 679 dicta
1372 645 1538 680 versibus
1557 655 1660 679 com-—

298 709 427 754 plexus
449 714 525 741 erat
543 707 705 741 Lucilius
726 720 733 741 :
756 722 770 738 «
792 707 984 752 Conjicere
1004 708 1043 740 in
1061 719 1187 742 versus
1207 705 1346 740 dictum
1364 705 1543 751 praeconis
1560 704 1662 738 vole-

298 770 382 805 bam
402 768 562 813 Grani,›1
584 767 685 814 apud
709 767 888 811 Gellium,
910 779 969 811 lv,
997 779 1052 811 17.
1082 769 1205 801 TURN.

356 829 481 863 Visum
500 836 557 863 est
573 835 686 862 totum
706 828 854 862 scurrile
865 826 1059 872 judicium.
1088 827 1277 861 Judicium
1296 823 1490 874 quomodo
1509 823 1661 858 scurrile

299 889 371 924 dici
397 889 542 936 potest?
575 889 692 922 Immo
725 888 867 923 dictum
893 887 1046 923 scurrile
1073 887 1192 922 visum
1220 893 1285 923 est.
1320 885 1490 922 Pearcius
1520 884 1623 919 dedit
1652 896 1662 918 z

298 950 447 984 scurrile
465 950 676 990 ηἰἰίσιιίιιηις
695 948 734 983 id
761 949 856 996 sapit
876 955 1138 984 correctorem.
1158 949 1398 996 Adscriptum
1417 953 1495 982 erat
1519 946 1566 981 ab
1593 945 1662 980 ali-

299 1023 375 1057 quo
401 1010 439 1044 in
463 1010 626 1058 margine
654 1023 663 1044 ε
681 1010 863 1054 judicium
881 1010 1018 1045 scilicet
1038 1011 1198 1045 auctoris
1226 1010 1272 1045 de
1291 1009 1356 1045 illo
1386 1008 1510 1053 dicto,
1536 1008 1663 1053 quales

299 1077 394 1105 notae
423 1070 559 1105 centies
584 1070 623 1104 in
652 1070 754 1105 MSS.
782 1070 1013 1119 marginibus
1039 1070 1288 1117 reperiuntur.
1312 1070 1443 1116 Itaque
1468 1067 1574 1102 uncis
1599 1067 1662 1101 in—

299 1132 398 1166 clusi.
419 1133 513 1167 ERN.
533 1152 583 1157 -—
603 1131 797 1166 Schutzius
814 1144 898 1166 cum
916 1131 1068 1166 Pearcio
1093 1138 1129 1166 et
1148 1132 1298 1166 Lallem.
1325 1130 1429 1165 dedit
1452 1129 1662 1164 ridiculum.

357 1193 428 1227 Um·
447 1179 544 1227 enirn
565 1194 682 1227 locum
703 1204 783 1227 esse
801 1193 922 1227 video.
949 1194 1061 1227 Jocus
1081 1199 1134 1227 est
1155 1199 1322 1239 sumptus
1343 1204 1387 1227 ex
1410 1189 1598 1226 communi
1615 1189 1664 1224 il-

299 1255 419 1288 lorum
453 1261 664 1300 temporum
698 1253 965 1288 consuetudine
993 1253 1196 1300 loquendi,
1226 1266 1302 1301 qua
1331 1253 1474 1300 aliquot
1499 1250 1664 1286 convivis

297 1314 436 1349 vocatis
447 1342 457 1360 ,
483 1314 517 1349 ei
542 1327 653 1362 quem
671 1322 848 1361 praeterea
868 1314 1063 1350 invitatum
1080 1315 1233 1359 vellent,
1253 1315 1376 1350 locum
1395 1324 1584 1361 superesse
1603 1311 1664 1346 ἀί-
1715 1357 1721 1361 ι

299 1375 442 1408 cebant.
467 1376 637 1418 Plautus,
656 1375 695 1409 in
719 1375 842 1410 Sticho
862 1389 873 1409 .·
899 1391 913 1406 «
928 1375 1091 1422 AEdepol
1110 1375 1179 1410 tibi
1202 1375 1330 1420 etiam,
1352 1374 1500 1422 opinor,
1519 1372 1586 1407 uni
1602 1373 1663 1406 lo-

299 1447 383 1468 cum
409 1434 616 1481 conspicor,
634 1435 700 1469 uhi
720 1436 886 1470 accubes.
909 1451 924 1466 ³>
938 1436 983 1470 Id
1002 1436 1203 1471 scurriliter
1229 1436 1277 1471 ad
1294 1436 1425 1470 vitium
1449 1434 1549 1469 oculi
1570 1445 1663 1469 con—

297 1495 408 1529 vertit
427 1495 586 1541 Appius:
598 1497 720 1530 TURN.

351 1556 491 1588 [Uanus
510 1556 604 1588 lava.
631 1555 776 1600 Appius
796 1554 953 1589 irridens
973 1556 1012 1589 C.
1034 1555 1200 1590 Sextium
1213 1584 1222 1600 ‚
1250 1555 1316 1602 qui
1335 1556 1450 1590 altero
1468 1554 1580 1589 oculo
1601 1564 1664 1587 ca·-

298 1621 383 1661 ptus
403 1621 499 1657 erat,
522 1614 572 1648 ait
591 1627 599 1648 :
627 1630 641 1644 «
657 1615 822 1649 Coenabo
846 1614 948 1661 apud
972 1621 1026 1657 te3
1047 1622 1101 1649 est
1121 1615 1218 1649 enim
1237 1615 1304 1649 uni
1323 1616 1438 1649 locus.
1454 1629 1472 1646 >2
1501 1615 1558 1648 Ita
1576 1625 1660 1648 car—

296 1675 410 1721 pebat
435 1674 592 1709 hominis
609 1674 762 1718 vitium,
777 1674 883 1720 cujus
909 1675 948 1708 in
967 1676 1073 1708 vultu
1093 1682 1170 1709 erat
1190 1675 1294 1710 locus
1318 1674 1383 1709 uni
1408 1674 1539 1718 ocu103
1558 1672 1663 1720 quasi

298 1735 337 1769 in
360 1734 439 1780 ejus
457 1734 617 1769 triclinio
636 1742 671 1770 et
690 1734 862 1770 convivio
883 1735 946 1769 uni
972 1735 1098 1770 fuisset
1120 1735 1261 1770 homini
1283 1735 1389 1769 locus
1408 1746 1556 1769 vacuus.
1583 1735 1663 1768 Re-

299 1795 450 1842 spondit
469 1794 615 1830 Sextius
629 1796 755 1830 subtili
775 1808 816 1830 ac
840 1796 962 1830 subito
980 1796 1068 1841 joco
1089 1809 1130 1831 τι(
1146 1796 1317 1832 Coenabis
1337 1795 1434 1831 enim
1452 1807 1542 1829 vero
1562 1794 1664 1841 apud

298 1870 374 1901 me3
399 1857 463 1892 sed
483 1857 585 1903 prius
605 1869 733 1892 manus
747 1859 838 1892 lava.
854 1875 867 1889 υ
887 1859 973 1901 Quo
995 1857 1116 1902 dicto,
1136 1857 1294 1892 hominis
1317 1856 1566 1904 impuritatem
1588 1867 1662 1890 no-

299 1919 410 1953 tabat.
436 1920 570 1953 Pium.
592 1940 643 1945 —
661 1919 924 1966 Exprobrabat
943 1919 1156 1955 facetissime
1175 1919 1304 1955 sordes
1323 1918 1481 1954 avaritiae
1506 1929 1525 1953 e
1542 1929 1662 1964 pecu-

299 1978 368 2013 niis
387 1979 510 2025 captis.
532 1979 627 2013 ERN.

352 2040 460 2082 Puer,
488 2040 596 2087 abige
613 2053 767 2075 muscas.
788 2041 993 2088 Propinqui
1014 2047 1049 2075 et
1068 2040 1190 2085 amici,
1211 2040 1276 2088 qui
1294 2039 1445 2087 gratiosi
1465 2045 1585 2083 erant,
1598 2044 1662 2073 aut

269 2118 273 2119 ⁷
301 2100 406 2144 clari,
427 2100 610 2135 deducere
629 2102 799 2136 solebant
817 2102 1049 2148 candidatos,
1069 2102 1134 2149 qui
1152 2108 1363 2149 prensatum
1387 2101 1511 2145 ibant,
1530 2106 1572 2133 ut
1589 2111 1661 2146 pe-

301 2161 382 2195 titio
414 2169 450 2195 et
476 2161 629 2209 gratiam
654 2170 690 2196 et
718 2163 974 2198 auctoritatem
1005 2164 1183 2210 majorem
1212 2162 1376 2196 haberet.
1401 2160 1519 2209 Igitur
1546 2172 1662 2207 quum

300 2224 345 2258 A.
367 2223 608 2269 Sempronius
638 2225 790 2270 Longus
820 2236 903 2258 cum
930 2225 1042 2259 fratre
1072 2224 1272 2271 Vargulam
1303 2229 1395 2258 esset
1429 2222 1661 2268 complexus,

300 2285 463 2332 Vargula
493 2284 693 2319 scurriliter
722 2284 826 2330 lusit,
853 2285 988 2331 jubens
1025 2285 1124 2333 abigi
1151 2296 1303 2319 muscas.
1333 2285 1458 2319 Tum.
1487 2303 1538 2309 —-
1561 2281 1662 2317 Dicit

301 2346 333 2378 J.
347 2346 392 2379 V.
406 2346 448 2378 L.
460 2356 480 2378 a
495 2344 639 2378 nemine
652 2345 724 2379 hoc
738 2345 877 2380 dietum
897 2346 1123 2381 intellectum
1142 2345 1251 2380 fuisse
1261 2372 1270 2390 ,
1285 2343 1390 2390 cujus
1401 2355 1526 2379 sensus
1534 2348 1637 2389 patet
1649 2369 1659 2385 ,

301 2405 330 2440 si
353 2405 441 2440 scias
462 2405 501 2439 in
519 2405 590 2440 Tit.
609 2406 714 2441 Livio
728 2434 737 2450 ‚
758 2419 850 2452 XLV,
878 2420 889 2441 1
901 2409 939 2452 3,
955 2406 1108 2454 reperiri
1126 2406 1323 2453 quemdam
1342 2407 1382 2441 T.
1398 2403 1659 2451 Sempronium

302 2469 482 2502 Muscum.

355 2530 440 2564 Cn.
465 2530 564 2564 LXI.
587 2529 844 2564 Neronianum.
864 2531 984 2575 Illius,
1009 2536 1049 2564 ut
1069 2542 1166 2574 reor,
1186 2528 1251 2576 qui
1268 2541 1325 2563 res
1344 2528 1518 2563 adversus
1536 2526 1658 2561 Anni-

303 2591 422 2626 balem
447 2591 574 2639 gessit3
595 2599 722 2638 estque
741 2594 948 2639 exemplum
969 2593 1060 2637 hoc,
1081 2599 1122 2626 ut
1145 2592 1320 2639 pleraque
1339 2588 1448 2635 hujus
1473 2586 1545 2623 loci
1574 2585 1656 2633 pri-
