1843 3166
753 190 896 224 LIBER
927 192 952 224 Ῐ.
1488 208 1535 243 73)

166 272 432 331 praesertim,
473 273 597 332 cujus
634 271 882 333 eloquentia
915 276 1041 335 copia
1074 292 1220 320 rerum
1255 278 1406 323 debeat
1445 297 1534 324 esso

167 361 348 408 ornata3
380 352 454 396 sed
478 352 633 410 multa,
659 364 702 397 et
723 371 906 416 magna,
934 366 977 399 et
1003 356 1197 400 difficilia
1221 369 1322 401 sunt
1345 377 1414 412 ea,
1440 378 1533 420 qum

167 442 268 475 sunt
290 434 454 476 oratori
478 434 743 491 necessaria,
774 445 824 479 ut
844 436 935 497 ejus
956 436 1215 481 industriam
1237 439 1279 482 in
1303 439 1429 499 plura
1450 451 1535 485 stu-

166 513 237 557 dia
265 514 502 557 distrahere
525 513 674 558 nolim.

231 594 344 651 Quis
367 604 518 655 neget,
545 612 655 657 opus
681 612 774 641 esse
799 598 991 654 oratori,
1023 599 1065 641 in
1089 599 1173 643 hoc
1197 603 1389 645 oratorio
1411 612 1531 646 motu

167 684 394 735 statuque,
428 677 576 720 Roscii
614 687 783 738 gestum
817 688 858 722 et
890 679 1195 724 venustatem?
1232 690 1376 726 tamen
1407 700 1534 727 nemo

167 756 347 800 suaserit
379 757 587 802 studiosis
617 758 789 802 dicendi
821 758 1190 817 adolescentibus,
1228 763 1272 805 in
1298 773 1419 824 gestu
1446 764 1532 808 dis-

167 837 304 880 cendo
330 837 596 882 histrionum
626 856 749 883 more
776 839 1013 884 elaborare.
1041 842 1159 898 Quid
1178 852 1241 886 est
1262 846 1423 888 oratori
1447 855 1534 889 tam

168 919 483 975 necessarium,
510 936 639 980 quam
664 920 775 964 vox?
802 930 966 978 tamen,
996 938 1065 966 me
1089 933 1286 979 auctore,
1318 941 1446 968 nemo
1471 927 1535 969 di-

166 999 290 1043 cendi
313 1000 553 1058 studiosus,
577 1003 831 1046 Graecorum
857 1013 978 1047 m‘ore
992 1037 1003 1060 ,
1033 1015 1076 1047 et
1099 1004 1414 1065 tragoedorum,
1438 1008 1535 1050 voci

166 1081 350 1138 serviet,
388 1082 464 1141 qui
498 1092 539 1126 et
573 1099 710 1126 annos
735 1082 983 1144 complures
1009 1083 1208 1127 sedentes
1230 1083 1534 1142 declamitant,

167 1171 210 1205 et
248 1163 468 1222 quotidie,
512 1172 745 1224 antequam
789 1164 1097 1225 pronuntient,
1135 1181 1286 1208 vocem
1328 1166 1534 1210 cubantes

166 1244 323 1287 sensim
348 1245 563 1302 excitant,
597 1244 882 1305 eamdemque
898 1280 909 1302 ,
943 1262 1079 1305 quum
1103 1256 1311 1306 egerunt,
1340 1247 1535 1291 sedentes

166 1324 218 1368 ab
245 1325 497 1369 acutissimo
525 1342 633 1369 sono
668 1342 805 1386 usque
833 1326 887 1368 ad
918 1326 1222 1386 gravissimum
1245 1343 1399 1370 sonum
1424 1329 1534 1371 reci-

167 1405 316 1465 piunt,
343 1416 384 1450 et
407 1407 527 1466 quasi
555 1406 748 1466 quodam
773 1406 905 1450 modo
932 1405 1157 1468 colligunt.
1185 1409 1279 1451 Hoc
1309 1424 1388 1451 nos
1416 1409 1448 1451 si
1478 1408 1538 1451 fa-

166 1502 263 1530 cere
284 1486 489 1543 velimus,
517 1498 617 1532 ante
641 1487 987 1532 condemnentur
1012 1488 1067 1542 ii,
1091 1505 1279 1548 quorum
1304 1505 1456 1533 causas
1474 1507 1539 1533 re-

166 1569 431 1629 ceperimus,
458 1586 590 1629 quam
615 1570 765 1626 toties,
795 1570 964 1630 quoties
986 1570 1288 1630 perscribitur,
1314 1587 1534 1631 paeanem,

167 1659 242 1694 aut
264 1651 515 1694 munionem
540 1652 776 1694 citarimus.

230 1732 360 1789 Quod
390 1733 424 1776 si
450 1733 495 1775 in
519 1741 663 1793 gestu,
695 1732 768 1792 qui
797 1731 984 1775 multum
1011 1742 1228 1777 oratorem
1256 1731 1457 1793 adjuvat,
1495 1743 1537 1776 et

169 1813 213 1855 in
233 1829 337 1856 voce
353 1848 364 1867 ,
393 1830 488 1873 quae
513 1830 600 1857 una
621 1814 806 1857 maxime
831 1812 1126 1874 eloquentiam
1149 1813 1215 1857 vel
1236 1813 1531 1863 commendat,

170 1892 235 1937 vel
268 1894 476 1949 sustinet,
515 1893 740 1937 elaborare
771 1894 896 1937 nobis
930 1911 1016 1938 non
1048 1893 1170 1949 licet3
1213 1911 1262 1937 ac
1294 1904 1466 1937 tantum
1494 1895 1537 1936 in

171 1985 356 2035 utroque
381 1976 552 2034 assequi
576 1991 825 2035 possumus,
853 1984 1087 2035 quantum,
1115 1976 1157 2017 in
1180 1975 1260 2018 hac
1282 1975 1373 2018 acie
1395 1976 1539 2034 quoti-

171 2055 286 2099 diani
311 2056 524 2112 muneris,
555 2055 682 2116 spatii
707 2056 831 2099 nobis
859 2055 1015 2099 datur:
1044 2065 1209 2116 quanto
1232 2057 1377 2100 minus
1400 2065 1463 2100 est
1486 2056 1539 2099 ad

167 2136 276 2196 juris
306 2135 443 2180 civilis
474 2135 749 2197 perdiscendi
784 2137 1120 2197 occupationem
1153 2135 1541 2180 descendendum?

171 2216 289 2278 quod
313 2227 355 2261 et
378 2218 627 2262 summatim
650 2218 812 2278 percipi
836 2219 928 2262 sine
949 2217 1150 2261 doctrina
1172 2226 1339 2278 potest,
1364 2226 1405 2260 et
1428 2217 1541 2260 hanc

173 2299 305 2343 habet
330 2299 383 2342 ab
410 2297 493 2343 illis
518 2300 648 2344 rebus
673 2298 1101 2357 dissimilitudinem,
1134 2299 1251 2360 quod
1275 2316 1359 2343 vox
1383 2309 1424 2343 et
1450 2315 1542 2360 ges-

175 2389 242 2424 tus
278 2380 423 2424 subito
455 2381 593 2437 sumi,
636 2389 678 2425 et
714 2380 890 2425 aliunde
928 2382 1062 2441 arripi
1105 2398 1194 2425 non
1231 2391 1399 2442 potest3
1437 2381 1542 2436 iuris

175 2460 336 2504 utilitas
361 2460 416 2504 ad
439 2478 658 2521 quamque
686 2478 862 2505 causam
887 2462 1085 2521 quamvis
1112 2472 1289 2522 repente
1315 2460 1381 2505 vel
1416 2479 1439 2505 a
1472 2477 1542 2521 pc-

174 2542 289 2594 ritis‚
316 2541 384 2585 vel
408 2542 460 2586 de
484 2541 605 2586 libris
629 2542 827 2603 depromi
850 2552 1004 2602 potest.

237 2624 390 2682 Itaque
421 2622 481 2666 illi
513 2623 787 2666 disertissimi
821 2623 1018 2667 homines
1053 2624 1274 2667 ministros
1311 2623 1472 2666 habent
1499 2622 1540 2665 in
