1843 3166
758 201 901 235 LIBER
932 202 976 235 11.
1475 223 1546 261 ¹29

190 277 241 321 ad
271 281 455 323 universi
482 282 646 339 generis
674 280 1009 341 disputationem
1040 288 1252 331 reseratur
1277 306 1445 337 necesse
1470 306 1544 339 est,

189 361 289 402 Haec
323 375 403 420 ego
428 377 514 403 non
539 377 590 403 eo
618 359 798 404 consilio
825 360 1018 422 disputo,
1061 374 1107 407 ut
1136 365 1331 412 homines
1359 373 1547 418 eruditos

190 439 445 500 redarguam
472 457 482 482 :
515 456 765 500 quanquam
786 442 1131 501 reprehendendi
1161 457 1286 503 sunt,
1318 451 1454 508 quiin
1479 470 1550 513 ge-

189 534 290 562 nere
312 518 554 562 definiendo
578 520 679 563 istas
708 536 857 564 causas
879 521 1129 567 describunt
1156 526 1198 568 in
1223 529 1416 586 personis
1444 541 1486 573 et
1506 533 1548 575 in

189 599 456 659 temporibus
481 601 642 659 positas
666 617 766 644 esse.

251 679 363 723 Nam
385 680 464 722 etsi
492 680 723 724 incurrunt
745 691 968 743 tempora,
997 694 1040 727 et
1068 701 1285 745 personae,
1311 698 1455 733 tamen
1486 691 1550 734 in-

188 756 470 819 telligendum
485 769 568 815 est,
585 776 674 803 non
688 776 738 803 ex
758 761 831 817 iis,
854 761 930 805 sed
943 778 993 805 ex
1010 780 1167 824 genere
1186 768 1434 826 quaestionis
1449 786 1551 829 pen-

188 836 288 882 dere
309 854 469 882 causas.
499 839 582 883 Sed
608 840 690 884 hoc
717 841 824 885 nihil
854 842 907 886 ad
943 860 1010 887 me
1040 861 1049 887 z
1085 844 1254 890 nullum
1287 849 1402 892 enim
1428 851 1550 894 nobis

187 928 404 963 certamen
425 936 523 962 cum
547 920 636 964 istis
658 937 747 965 esse
770 921 906 966 debet.
933 926 1121 968 Tantum
1141 927 1243 971 satis
1262 938 1326 971 est
1346 929 1549 991 intelligi,

189 1015 243 1043 ne
258 998 340 1043 hoc
362 999 535 1059 quidem
554 1016 625 1044 eos
643 1012 919 1057 consecutos,
943 1004 1059 1063 quod
1072 1006 1116 1048 in
1142 1016 1261 1051 tanto
1283 1010 1395 1062 otio,
1421 1013 1552 1054 etiam

189 1079 281 1121 sine
297 1078 379 1122 hac
402 1078 563 1124 forensi
587 1082 917 1139 exercitatione,
942 1082 1110 1127 efficere
1128 1095 1390 1144 potuerunt,
1419 1098 1464 1132 ut
1478 1106 1550 1150 ge-

188 1175 292 1202 nera
311 1175 457 1203 rerum
476 1159 797 1217 discernerent,
818 1178 953 1222 eaque
980 1162 1128 1223 paullo
1150 1166 1351 1212 subtilius
1372 1168 1551 1230 explica-

187 1250 296 1284 rent.
319 1240 483 1282 Verum
511 1239 594 1282 hoc
622 1239 699 1300 (ut
727 1239 838 1300 dixi)
863 1240 970 1284 nihil
995 1242 1049 1285 ad
1072 1260 1152 1287 me.
1180 1244 1293 1289 Illud
1318 1247 1371 1290 ad
1390 1264 1476 1303 me,
1502 1265 1551 1292 ac

188 1317 325 1363 multo
359 1320 487 1362 etiam
525 1320 660 1379 magis
698 1319 753 1362 ad
792 1336 892 1376 vos,
929 1323 1057 1365 Cotta
1097 1333 1244 1368 noster
1270 1335 1312 1368 et
1349 1325 1512 1386 Sulpici
1539 1345 1549 1370 z

186 1398 409 1459 quomodo
435 1415 551 1442 nunc
580 1415 623 1442 se
651 1400 835 1443 istorum
860 1410 974 1444 artes
997 1402 1178 1458 habent,
1207 1406 1551 1464 pertimescenda

185 1488 248 1522 est
261 1477 498 1522 multitudo
518 1495 745 1523 causarum
772 1496 781 1522 :
811 1489 874 1523 est
896 1481 1010 1524 enim
1028 1481 1217 1540 infinita,
1239 1486 1273 1527 si
1293 1485 1337 1528 in
1358 1487 1552 1546 personis

186 1560 385 1619 ponitur;
412 1568 519 1619 quot
536 1559 758 1616 homiues,
787 1568 851 1602 tot
874 1576 1012 1604 causae
1032 1578 1042 1604 :
1066 1563 1132 1605 sin
1150 1562 1204 1606 ad
1226 1580 1433 1624 generum
1457 1567 1552 1609 uni-

186 1656 328 1684 versas
347 1640 604 1700 quaestiones
624 1638 896 1696 referuntur3
926 1640 985 1683 ita
1000 1641 1180 1685 modicae
1203 1652 1244 1686 et
1259 1660 1404 1703 paucae
1424 1655 1524 1689 sunt
1540 1679 1551 1701 ,

187 1730 234 1763 ut
258 1736 329 1763 eas
345 1736 513 1774 omnes,
541 1718 792 1779 diligentes,
820 1728 862 1762 et
881 1736 1112 1777 memores,
1137 1731 1176 1765 et
1201 1723 1332 1766 sobrii
1356 1736 1550 1770 oratores

186 1815 412 1859 percursas
441 1798 606 1854 animo,
642 1807 704 1854 et,
740 1814 876 1859 prope
908 1798 1078 1856 dicam,
1113 1800 1359 1846 decantatas
1393 1804 1551 1848 habere

187 1879 370 1922 debeant
393 1896 402 1921 z
429 1878 512 1921 nisi
531 1877 642 1921 forte
666 1878 939 1935 existimatis,
968 1896 992 1922 a
1010 1879 1082 1923 Μ’.
1100 1882 1235 1925 Curio
1253 1871 1422 1926 causam
1445 1884 1553 1928 didi-

188 1960 296 2003 cisse
318 1960 370 2002 L.
394 1960 621 2014 Crassum,
646 1968 687 2001 et
708 1975 756 2002 ea
782 1975 827 2002 re
847 1958 982 2003 multa
1003 1959 1220 2017 attulisse,
1248 1963 1549 2021 quamobrem,

189 2049 393 2100 postumo
409 2056 498 2083 non
522 2048 648 2096 nat0,
673 2039 858 2083 Curium
872 2049 1017 2083 tamen
1042 2041 1243 2084 heredem
1261 2034 1447 2102 Coponii
1460 2059 1550 2087 esse

188 2129 420 2180 oporteret.

250 2198 370 2243 Nihil
399 2199 454 2243 ad
474 2201 643 2261 copiam
668 2208 1047 2261 argumentorum,
1073 2217 1214 2260 neque
1236 2201 1289 2245 ad
1311 2218 1447 2246 causae
1464 2204 1548 2246 vim

188 2296 237 2323 ac
263 2289 467 2323 naturam
490 2296 647 2323 nomen
671 2282 880 2341 Coponii,
909 2290 984 2323 aut
1002 2281 1143 2336 Curii,
1167 2282 1390 2341 pertinuit.
1413 2286 1464 2327 In
1479 2300 1550 2343 ge-

188 2376 291 2405 nere
321 2369 416 2403 erat
447 2360 650 2404 universo
678 2359 742 2404 rei
779 2360 1050 2421 negotiique,
1087 2377 1175 2403 non
1208 2362 1252 2404 in
1282 2371 1474 2423 tempore
1503 2379 1551 2405 ac

188 2440 458 2493 nominibus,
490 2441 629 2483 omnis
657 2441 861 2499 quaestio:
887 2440 1039 2496 Quum
1069 2440 1277 2500 scriptum
1308 2441 1366 2483 ita
1397 2441 1470 2495 sit,
1505 2443 1549 2484 S1

189 2536 300 2565 ΜιΗΙ
327 2536 471 2565 fimus
496 2535 714 2575 GEMTUR,
743 2535 875 2572 ISQUE
897 2534 1029 2562 rmus
1055 2535 1285 2576 MORITUR,
1317 2528 1356 2562 et
1386 2528 1522 2563 cetera
1539 2553 1550 2573 ,

190 2617 286 2645 TUM
313 2617 368 2645 UT
390 2617 496 2645 MIHI
522 2615 621 2644 ILLE
644 2615 710 2643 sn*
736 2614 878 2644 HERES
901 2615 909 2641 :
935 2599 969 2642 si
991 2608 1117 2642 natus
1139 2598 1252 2642 filius
1277 2615 1364 2641 non
1385 2598 1463 2653 sit3
1490 2598 1553 2640 vi-

426 2691 468 2718 ιι.
1334 2694 1362 2733 ς)
