1843 3166
768 215 914 249 LIBER
945 216 991 248 II.
1505 217 1572 253 165

191 299 311 357 pius,
341 299 415 344 sed
440 315 758 360 nonnunquam
781 300 823 342 in
850 300 932 343 hoc
953 301 1110 343 vitium
1133 301 1315 344 scurrile
1341 302 1569 346 delabitur.

190 399 209 419 «
227 381 445 437 Coeuabo,
472 381 637 440 inquit,
666 379 785 440 apud
814 390 874 435 te,
902 400 923 421 »
948 381 1049 423 huic
1077 379 1200 423 lusco
1226 381 1427 425 familiari
1450 400 1571 439 meo,

190 464 239 504 C.
262 462 428 516 Sexti03
453 480 474 502 «
503 462 579 504 uni
609 462 722 504 enim
748 459 895 505 locum
921 478 1012 504 esse
1032 460 1174 504 video.
1200 482 1219 501 »
1243 464 1320 505 Est
1343 462 1426 505 hoc
1452 480 1573 506 scur-

191 541 292 598 rile,
323 553 366 586 et
400 542 519 603 quod
551 544 644 586 sine
678 559 807 587 causa
841 542 1077 599 lacessivit3
1114 553 1157 586 et
1186 552 1331 586 tamen
1367 543 1411 586 id
1441 543 1572 599 dixit,

189 623 307 683 quod
330 625 373 667 in
392 641 543 669 omnes
570 623 712 669 luscos
735 626 1004 669 conveniret.
1030 627 1113 679 Ea,
1140 626 1241 685 quia
1263 624 1469 668 meditata
1495 641 1573 684 pu-

190 715 339 749 tantur
369 722 484 761 esse,
521 708 666 750 minus
695 706 910 750 ridentur.
946 705 1064 749 Illud
1092 708 1318 768 egregium
1347 706 1503 761 Sextii,
1533 715 1573 749 et

188 802 237 829 ex
263 796 478 847 tempore,
503 789 704 832 «Manus
723 787 839 841 lava,
862 788 1006 848 inquit
1022 823 1032 842 ,
1057 798 1099 831 et
1124 804 1296 832 coena.»

252 870 481 930 Temporis
498 870 632 930 igitur
648 871 780 926 ratio,
799 880 841 914 et
856 871 991 931 ipsius
1007 870 1250 915 dicacitatis
1266 871 1510 915 moderatio
1527 882 1571 915 et

188 951 500 1010 temperantia,
525 961 567 995 et
591 953 746 995 raritas
768 951 1012 1008 dictorum,
1039 951 1282 1014 distinguet
1305 962 1523 996 oratorem
1549 970 1573 997 a

188 1046 358 1087 scurra3
381 1041 443 1087 et,
471 1033 589 1092 quod
620 1050 698 1077 nos
722 1050 822 1077 cum
843 1049 972 1076 causa
999 1032 1208 1088 dicimus,
1228 1050 1315 1077 non
1335 1043 1384 1077 ut
1401 1032 1571 1077 ridiculi

188 1111 436 1168 videamur,
467 1113 541 1157 sed
580 1124 627 1157 ut
657 1113 937 1175 proficiamus
966 1113 1155 1174 aliquid,
1187 1113 1248 1157 illi
1285 1124 1427 1158 totum
1457 1114 1571 1158 diem

187 1202 230 1236 et
253 1193 345 1239 sine
375 1210 519 1238 causa.
547 1195 668 1252 Quid
694 1196 810 1239 enim
845 1205 907 1239 est
931 1194 1126 1255 Vargula
1153 1205 1401 1249 assecutus,
1435 1212 1571 1255 quum

187 1289 287 1317 eum
308 1274 568 1319 candidatus
591 1278 641 1320 Α.
662 1278 948 1337 Sempronius
968 1293 1070 1320 cum
1090 1278 1151 1319 M.
1169 1293 1248 1319 suo
1265 1275 1399 1319 fratre
1414 1310 1424 1329 ‚
1455 1292 1573 1319 com·

188 1356 339 1417 plexus
367 1369 476 1403 esset
503 1376 511 1403 :
537 1362 709 1412 «Puer,
738 1360 865 1421 abige
887 1359 1092 1403 muscas?
1115 1379 1134 1400 η
1169 1361 1326 1402 Risum
1351 1361 1571 1419 quaesivit,

185 1438 261 1498 qui
285 1449 372 1494 est,
407 1457 504 1484 mea
531 1441 766 1497 sententia,
798 1439 865 1484 vel
893 1440 1172 1484 tenuissimus
1197 1440 1362 1500 ingenii
1388 1440 1569 1484 fructus.

184 1520 373 1581 Tempus
397 1522 533 1582 igitur
561 1521 734 1565 dicendi
762 1521 997 1582 prudentia
1026 1531 1068 1565 et
1092 1522 1304 1582 gravitate
1326 1520 1573 1565 moderabi-

185 1617 284 1645 mur
301 1618 310 1645 :
327 1618 516 1662 quarum
532 1603 703 1646 utinam
722 1612 860 1646 artem
888 1602 1078 1662 aliquam
1103 1600 1386 1645 haberemus!
1411 1601 1485 1646 sed
1500 1602 1573 1646 do-

184 1684 303 1728 mina
331 1693 489 1728 natura
511 1694 586 1728 est.

248 1768 366 1810 LXI.
391 1768 524 1811 Nunc
538 1781 806 1826 exponamus
829 1781 987 1825 genera
1004 1766 1096 1825 ipsa
1118 1765 1391 1820 summatim,
1408 1782 1505 1825 quae
1520 1766 1575 1810 ri-

185 1863 280 1891 sum
294 1848 479 1891 maxime
493 1856 706 1891 moveant.
733 1850 833 1890 Haec
856 1847 990 1907 igitur
1006 1847 1060 1889 sit
1074 1846 1216 1906 prima
1236 1847 1438 1906 partitio,
1454 1847 1572 1907 quod

184 1929 321 1973 facete
343 1928 539 1985 dicatur,
566 1928 610 1972 id
631 1927 734 1972 alias
762 1928 804 1971 in
827 1945 873 1972 re
898 1928 1069 1983 haberi,
1087 1927 1192 1972 alias
1214 1929 1259 1971 in
1280 1927 1434 1981 verb03
1461 1928 1572 1972 face-

188 2011 254 2054 tiis
284 2020 430 2054 autem
464 2011 652 2054 maxime
683 2010 882 2053 homines
918 2008 1150 2064 delectari,
1185 2010 1219 2052 si
1252 2009 1431 2068 quando
1461 2010 1571 2052 risus

186 2093 441 2152 conjuncte,
468 2109 514 2136 re
538 2092 782 2151 verboque,
805 2100 1049 2134 moveatur.
1073 2089 1158 2133 Sed
1179 2090 1262 2133 hoc
1283 2098 1570 2145 mementote,

186 2189 486 2233 quoscumque
518 2172 637 2217 locos
669 2173 908 2232 attingam,
950 2170 1068 2214 unde
1100 2169 1287 2214 ridicula
1325 2168 1570 2225 ducantur,

186 2271 237 2298 ex
263 2254 417 2298 iisdem
445 2253 551 2298 locis
577 2254 664 2297 fere
693 2254 823 2297 etiam
857 2269 1008 2313 graves
1034 2252 1272 2296 sententias
1305 2267 1430 2312 posse
1457 2250 1568 2294 duci.

186 2337 380 2380 Tantum
397 2336 598 2392 interest,
626 2334 747 2396 quod
763 2335 952 2396 gravitas
977 2334 1171 2377 honestis
1186 2334 1230 2376 in
1254 2332 1384 2376 rebus
1403 2349 1570 2386 severe,

182 2418 307 2478 jocus
328 2419 372 2460 in
392 2415 622 2477 turpiculis
649 2417 831 2476 etquasi
860 2414 1127 2458 deformibus
1153 2415 1333 2475 ponitur
1354 2431 1362 2457 :
1389 2413 1505 2457 velut
1527 2415 1567 2457 in

188 2499 339 2545 iisdem
362 2499 507 2542 verbis
541 2508 583 2541 et
620 2497 798 2542 laudare
821 2496 937 2558 frugi
966 2513 1140 2540 servum
1168 2512 1420 2557 possumuS,
1450 2505 1511 2550 et,
1535 2496 1568 2538 si

187 2590 252 2624 est
265 2597 454 2641 nequam
465 2614 476 2635 ,
489 2580 642 2640 jocari.
658 2578 909 2623 Ridiculum
927 2588 989 2622 est
1005 2577 1115 2621 illud
1128 2578 1430 2621 Neronianum
1446 2586 1570 2620 vetus

189 2663 233 2705 in
250 2661 398 2705 furace
419 2678 569 2717 servo,
589 2659 775 2704 «Solum
794 2676 904 2715 esse,
929 2660 999 2703 cui
1025 2658 1143 2702 domi
1167 2657 1273 2701 nihil
1295 2659 1347 2702 sit
1363 2674 1441 2701 nec
1455 2657 1569 2701 obsi—

1347 2719 1365 2736 n»
