1843 3166
673 190 814 224 LIBER
844 191 910 224 111.
1394 186 1468 233 269

112 267 266 330 vulgus
293 272 591 332 imperitorum
617 273 660 314 in
683 271 898 316 audiendo
931 280 1074 327 notet;
1109 288 1241 330 quum
1271 272 1313 314 in
1346 271 1467 315 omni

111 366 291 410 genere,
311 361 404 395 tum
429 353 471 395 in
495 353 577 395 hoc
602 352 694 412 ipso
718 368 872 412 magna
893 351 1089 411 quaedam
1110 361 1173 394 est
1196 352 1258 394 vis
1283 351 1467 394 incredi-

112 429 296 491 bilisque
322 442 496 475 naturae.
519 434 683 476 Omnes
708 433 823 475 enim
839 432 969 475 tacito
993 431 1182 491 quodam
1206 448 1352 486 sensu,
1377 432 1469 473 sine

113 508 199 553 ulla
224 520 335 568 arte,
363 520 437 555 aut
460 512 650 566 ratione,
671 527 765 571 quae
793 511 877 554 sint
900 512 944 554 in
967 510 1132 554 artibus
1155 525 1203 552 ac
1227 509 1470 552 rationibus

114 600 231 634 recta
269 608 320 635 ac
342 607 496 652 prava,
523 590 789 652 dijudicant:
814 591 944 651 idque
970 607 1105 650 quum
1128 589 1292 633 faciunt
1314 589 1357 632 in
1378 589 1470 648 pic-

114 671 244 725 turis,
270 680 314 714 et
338 672 383 714 in
403 671 554 732 signis,
577 681 619 715 et
639 672 683 714 in
702 670 794 714 aliis
817 671 1038 731 operibus,
1066 669 1121 713 ad
1144 686 1328 730 quorum
1346 667 1472 712 intel-

113 748 335 810 ligentiam
350 766 374 794 a
392 761 545 796 natura
559 752 700 795 minus
722 750 882 794 habent
901 750 1204 804 instrumenti,
1225 759 1319 792 tum
1336 747 1471 792 multo

114 830 351 874 ostendunt
380 831 514 891 magis
537 831 580 874 in
603 831 858 885 verborum,
884 845 1191 883 numerorum,
1226 844 1472 887 vocumque

109 909 300 969 judici0;
334 911 451 971 quod
478 927 526 954 ea
554 920 653 954 sunt
684 912 728 953 in
761 909 1063 954 communibus
1085 908 1216 952 infixa
1250 908 1472 963 sensibus,

117 1006 257 1050 neque
285 1006 433 1033 earum
470 1006 617 1034 rerum
647 1005 906 1050 quemquam
932 989 1125 1032 funditus
1146 997 1302 1032 natura
1333 986 1472 1031 voluit

115 1086 205 1113 esse
229 1080 458 1130 expertem.

177 1152 330 1209 Itaque
348 1166 435 1193 non
455 1149 594 1194 solum
610 1151 751 1195 verbis
775 1161 865 1195 arte
886 1151 1035 1211 positis
1055 1159 1285 1193 moventur
1304 1164 1472 1204 omnes,

116 1245 267 1273 verum
290 1230 417 1273 etiam
448 1231 640 1274 numeris
667 1247 716 1275 ac
740 1231 931 1275 vocibus.
953 1233 1128 1288 Quotus
1156 1231 1270 1273 enim
1294 1231 1476 1289 quisque

117 1319 205 1366 est,
234 1311 308 1369 qui
334 1319 474 1354 teneat
510 1320 645 1354 artem
671 1327 952 1355 numerorum
975 1327 1024 1354 ac
1052 1308 1313 1353 modorum?
1346 1311 1406 1353 At
1431 1309 1474 1351 in

117 1390 184 1434 his
204 1390 238 1433 si
262 1389 456 1450 paullum
479 1390 608 1435 modo
633 1391 845 1434 offensum
872 1400 961 1447 est,
994 1399 1043 1433 ut
1076 1399 1150 1433 aut
1181 1389 1476 1432 contractione

116 1470 291 1513 brevius
321 1470 444 1513 fieret
459 1505 469 1525 ,
488 1479 563 1514 aut
584 1470 870 1530 productione
895 1468 1067 1530 longius
1081 1503 1092 1523 ,
1113 1469 1281 1512 theatra
1305 1477 1396 1511 tota
1411 1484 1476 1510 re-

121 1548 322 1593 clamant.
354 1548 500 1607 Quid?
522 1550 605 1593 hoc
624 1566 712 1593 non
735 1549 848 1592 idem
874 1548 924 1591 fit
945 1550 989 1591 in
1013 1549 1215 1603 vocibus,
1244 1557 1292 1591 ut
1317 1564 1340 1590 a
1361 1546 1473 1590 mul-

115 1628 303 1672 titudine
326 1639 368 1673 et
390 1628 576 1689 populo,
601 1645 690 1671 non
713 1627 843 1671 modo
870 1637 1050 1671 catervae
1066 1637 1195 1687 atque
1215 1636 1472 1682 concentus,

116 1708 189 1752 sed
214 1710 343 1751 etiam
366 1709 445 1768 ipsi
466 1708 545 1751 sibi
573 1706 732 1768 singuli
759 1707 1051 1768 discrepantes
1074 1706 1328 1768 ejiciantur?

177 1790 250 1832 LI.
277 1786 479 1831 Mirabile
502 1797 583 1842 est,
611 1804 744 1847 quum
769 1787 1007 1848 plurimum
1037 1788 1083 1830 in
1111 1786 1311 1831 faciendo
1339 1787 1471 1831 inter-

117 1869 171 1912 sit
203 1869 315 1911 inter
340 1867 515 1910 doctum
550 1876 593 1910 et
614 1866 785 1919 rudem,
821 1884 953 1927 quam
978 1884 1064 1911 non
1093 1866 1280 1911 multum
1303 1868 1474 1912 differat

118 1950 161 1992 in
177 1947 428 2009 judicando.
453 1950 533 1992 Ars
558 1948 672 1990 enim
697 1964 832 2008 quum
852 1964 875 1991 a
899 1958 1055 1992 natura
1080 1948 1272 2009 profecta
1290 1950 1345 1992 sit
1359 1983 1370 2003 ,
1391 1949 1472 1992 nisi

117 2039 318 2072 naturam
345 2038 517 2072 moveat
542 2044 590 2071 ac
619 2027 824 2082 delectet,
850 2027 958 2071 nihil
983 2045 1083 2072 sane
1101 2030 1236 2089 egisse
1259 2028 1470 2072 videatur.

117 2108 237 2153 Nihil
259 2118 321 2152 est
342 2118 485 2152 autem
509 2118 597 2151 tam
626 2118 860 2168 cognatum
888 2110 1104 2152 mentibus
1135 2108 1312 2162 nostris,
1345 2126 1471 2169 quam

119 2189 288 2233 numeri
324 2198 451 2247 atque
476 2205 619 2245 voces3
649 2189 804 2248 quibus
828 2198 869 2232 et
897 2189 1184 2245 incendimur,
1209 2199 1250 2233 et
1272 2189 1473 2245 lenimur,

119 2279 162 2312 et
179 2267 515 2329 languescimus,
538 2278 580 2312 et
600 2268 655 2312 ad
676 2267 937 2312 hilaritatem
952 2303 963 2322 ,
987 2279 1030 2312 et
1048 2269 1102 2312 ad
1125 2271 1343 2313 tristitiam
1365 2286 1474 2331 saepe

118 2349 373 2393 deducimur
399 2366 407 2392 :
435 2365 617 2408 quorum
644 2348 715 2393 illa
738 2366 905 2392 summa
929 2350 991 2393 vis
1018 2350 1282 2394 carminibus
1311 2360 1375 2394 est
1402 2368 1474 2411 ap-

119 2430 204 2472 tior
218 2438 258 2472 et
281 2429 498 2484 cantibus,
518 2444 605 2471 non
631 2428 848 2490 neglecta,
870 2438 917 2471 ut
943 2429 1049 2472 mihi
1071 2429 1257 2486 videtur,
1278 2447 1302 2474 a
1329 2432 1473 2475 Numa

120 2524 219 2569 rege
243 2507 509 2564 doctissimo,
539 2509 858 2568 majoribusque
883 2510 1068 2566 nostris,
1092 2520 1143 2554 ut
1161 2509 1386 2571 epularum
1408 2526 1474 2553 so-

121 2588 326 2632 lemnium
359 2587 463 2631 fides
501 2604 549 2631 ac
577 2588 715 2643 tibiae,
753 2587 1053 2648 Saliorumque
1081 2606 1228 2634 versus
1254 2589 1472 2645 indicant3
