1843 3166
735 228 880 263 LIBER
909 229 953 262 lI.
1460 241 1471 263 1
1483 230 1528 265 83

164 310 316 355 tudine
336 311 505 355 consilii
533 321 662 371 atque
686 312 848 372 ingenii
870 311 1148 355 Atheniensis
1173 309 1244 353 ille
1270 311 1396 355 fuisse
1417 314 1528 358 The-

163 390 380 435 mistocles
395 408 407 448 3
434 392 489 435 ad
507 408 635 451 quem
652 391 829 451 quidam
844 391 997 435 doctus
1012 391 1145 435 homo
1162 401 1292 452 atque
1314 393 1357 435 in
1376 395 1525 452 primis

161 471 378 527 eruditus,
407 471 632 516 accessisse
654 471 829 528 dicitur,
858 473 983 531 eique
1003 481 1142 516 artem
1162 473 1403 528 memoriae,
1431 490 1524 533 quae

161 558 252 592 tum
285 551 475 609 primum
505 550 823 610 proferebatur,
856 549 1075 611 pollicitus
1109 567 1221 607 esse,
1263 567 1306 594 se
1339 551 1523 595 traditu·

160 645 284 685 rum;
325 647 461 690 quum
497 629 568 674 ille
608 633 847 691 quaesisset,
888 631 1096 692 quidnam
1135 630 1209 674 illa
1245 647 1313 674 ars
1352 631 1523 675 efficere

159 719 321 769 posset,
352 709 509 754 dixisse
536 711 658 755 illum
692 711 939 769 doctorem,
982 721 1028 755 ut
1056 713 1203 755 omnia
1233 711 1521 767 meminisset3

158 799 199 832 ct
220 790 258 833 ci
281 790 618 836 Themistoclem
639 792 935 853 respondisse,
960 812 980 833 «
997 793 1161 853 gratius
1186 792 1267 835 sibi
1291 790 1412 835 illum
1429 808 1521 836 esse

157 868 441 928 «facturum,
474 874 508 916 si
535 889 579 916 se
600 872 818 929 oblivisci,
845 889 939 933 quae
969 871 1116 926 vellet,
1152 888 1281 931 quam
1310 872 1344 914 si
1371 873 1521 915 memi-

158 970 177 990 «
196 952 310 995 nisse
323 987 334 1009 ,
363 952 591 996 docuisset.
611 974 631 995 n

220 1032 430 1088 Videsne,
471 1050 564 1093 quae
587 1034 650 1076 vis
675 1035 719 1076 in
747 1034 924 1076 homine
950 1034 1150 1076 acerrimi
1173 1033 1361 1093 ingenii,
1390 1049 1519 1093 quam

156 1121 310 1172 potens
335 1123 378 1156 et
404 1123 565 1173 quanta
593 1130 714 1157 mens
746 1113 906 1157 fuerit?
945 1115 1019 1173 qui
1056 1114 1115 1156 ita
1147 1113 1445 1174 responderit,
1472 1123 1520 1156 ut

160 1191 403 1253 intelligere
427 1210 669 1254 possemus,
701 1193 808 1236 nihil
834 1210 884 1236 ex
906 1192 1021 1236 illius
1048 1194 1215 1248 animo,
1248 1192 1365 1252 quod
1387 1191 1518 1236 semel

159 1283 268 1315 esset
291 1274 505 1330 infusum,
533 1290 723 1334 unquam
745 1273 921 1316 effluere
941 1274 1159 1333 potuisse;
1188 1288 1322 1332 quum
1343 1272 1519 1332 quidem

157 1355 196 1396 ei
220 1354 351 1398 fuerit
376 1354 609 1415 optabilius
624 1388 635 1408 ‚
662 1353 857 1397 oblivisci
880 1369 1006 1413 posse
1029 1354 1173 1413 potius
1190 1387 1201 1408 ,
1231 1351 1349 1411 quod
1374 1352 1522 1394 memi-

156 1434 271 1477 nisse
294 1433 454 1490 nollet,
483 1451 613 1495 quam
638 1433 756 1494 quod
780 1432 910 1477 semel
936 1432 1125 1476 audisset
1151 1431 1402 1485 vidissetve,
1429 1447 1521 1474 me-

156 1515 346 1558 minisse.
383 1514 469 1558 Sed
498 1531 661 1575 neque,
693 1523 878 1575 propter
911 1513 994 1557 hoc
1029 1510 1309 1556 Themistocli
1346 1527 1523 1572 respon-

157 1612 278 1651 sum,
304 1597 524 1640 memoriae
551 1596 676 1639 nobis
706 1611 839 1655 opera
863 1593 1005 1637 danda
1039 1610 1127 1636 non
1159 1602 1246 1648 est,
1287 1608 1426 1652 neque
1449 1590 1523 1635 illa

156 1693 251 1720 mea
277 1678 422 1720 cautio
455 1685 498 1720 et
525 1675 732 1719 timiditas
760 1676 804 1718 in
831 1674 996 1729 causis,
1032 1682 1213 1734 propter
1246 1680 1522 1733 praestantem

156 1756 435 1816 prudentiam
461 1757 631 1811 Crassi,
661 1753 921 1816 negligenda
945 1764 1020 1798 est.
1052 1755 1249 1813 Uterque
1275 1753 1390 1796 enim
1419 1752 1521 1796 isto-

157 1854 255 1881 rum
282 1855 370 1882 non
394 1838 500 1881 mihi
526 1835 672 1881 attulit
698 1835 916 1896 aliquam,
941 1834 1013 1879 sed
1036 1851 1157 1878 suam
1181 1832 1442 1893 significavit
1461 1832 1520 1877 fa-

156 1917 378 1961 cultatem.

219 2000 392 2043 Etenim
405 1997 621 2060 permulta
633 2008 734 2043 sunt
749 2001 793 2042 in
807 1998 966 2051 causis,
984 1998 1028 2040 in
1043 1996 1161 2039 omni
1176 2004 1298 2056 parte
1312 1994 1521 2038 orationis

157 2080 568 2140 circumspicienda,
594 2097 647 2124 ne
671 2079 775 2140 quid
794 2077 990 2122 offendas
1005 2112 1016 2131 ,
1043 2092 1096 2119 ne
1120 2092 1206 2135 quo
1228 2075 1381 2118 irruas.
1403 2076 1524 2135 Saepe

157 2160 313 2220 aliquis
339 2162 460 2205 testis
487 2171 562 2205 aut
582 2178 669 2205 non
696 2159 833 2214 laedit,
863 2167 936 2201 aut
958 2158 1102 2200 minus
1125 2154 1260 2210 laedit,
1287 2154 1368 2198 nisi
1392 2153 1524 2198 laces-

156 2250 299 2284 satur:
324 2250 420 2284 orat
439 2257 559 2297 reus,
587 2248 742 2300 urgent
761 2237 981 2291 advocati,
1001 2245 1048 2280 ut
1067 2235 1340 2290 invehamur,
1367 2243 1414 2277 ut
1433 2250 1523 2277 ma-

156 2321 411 2375 ledicamus,
439 2321 627 2382 denique
653 2329 700 2364 ut
722 2320 1055 2378 interrogemus.
1083 2317 1184 2361 Non
1212 2330 1404 2370 moveor,
1433 2330 1521 2357 non

157 2402 432 2463 obtempero,
459 2418 547 2444 non
571 2400 807 2455 satisfacio,
837 2414 976 2457 neque
999 2406 1143 2440 tamen
1161 2394 1294 2439 ullam
1315 2410 1520 2453 assequor

157 2482 343 2527 laudem.
385 2483 593 2526 Homines
629 2482 746 2525 enim
782 2479 973 2539 imperiti
1005 2476 1199 2531 facilius,
1240 2474 1357 2535 quod
1391 2471 1521 2517 stulte

158 2563 340 2619 dixeris,
374 2562 710 2624 reprehendere,
739 2577 891 2621 quam,
924 2557 1042 2619 quod
1066 2558 1283 2618 sapienter
1305 2553 1519 2607 tacueris,

159 2643 333 2689 laudare
354 2653 546 2705 possunt.
