1843 3166
697 224 840 258 LIBER
872 223 936 256 111.
1424 226 1495 263 247

139 300 538 357 (licendiauctoreS,
568 320 655 347 uno
681 315 874 364 tempore
895 304 1163 347 fueruntzex
1190 305 1347 364 quibus
1372 305 1495 347 intel-

139 379 210 440 ligi
237 391 396 441 potest,
422 384 480 426 ita
505 399 549 426 se
576 400 666 427 rem
681 385 861 439 habere,
884 395 930 428 ut
959 394 1032 441 tu,
1055 386 1228 437 Crasse,
1257 384 1383 440 dicis3
1404 400 1496 428 ora-

139 462 328 520 torisque
349 478 506 505 nomen
534 463 648 522 apud
683 465 886 523 antiquos
913 465 955 507 in
982 464 1175 516 Graecia,
1204 464 1365 522 majore
1388 480 1494 523 qua—

134 538 230 582 dam
259 540 323 584 vel
349 543 470 601 copia
503 541 565 584 vel
591 542 750 602 gloria,
771 543 980 587 floruisse.

196 622 296 676 Quo
308 621 479 680 quidem
496 623 631 682 magis
654 622 825 677 dubito,
846 623 979 666 tibine
1001 622 1097 682 plus
1113 622 1273 678 laudis,
1300 639 1355 667 an
1371 624 1492 667 Grae-

133 702 192 742 cis
211 702 538 761 vituperationis
553 719 643 746 esse
663 703 942 746 tribuendum
956 713 1168 747 statuam:
1198 719 1334 763 quum
1358 713 1424 757 tu,
1447 704 1489 746 in

131 778 213 822 alia
240 778 385 841 lingua
411 798 459 824 ac
487 782 680 826 moribus
700 792 847 838 natus,
875 783 1207 842 occupatissima
1227 784 1269 826 in
1294 784 1488 839 civitate,

131 858 194 903 vel
219 861 489 920 privatorum
514 863 696 923 negotiis
721 879 840 923 paene
863 862 1087 918 omnibus,
1124 862 1189 906 vel
1226 863 1342 906 orbis
1367 873 1488 907 terrae

130 942 456 999 procuratione,
481 959 530 986 ac
550 944 706 986 summi
727 944 894 1003 imperii
916 943 1230 1003 gubernatione
1247 942 1485 999 districtus,

126 1029 288 1063 tantam
306 1021 392 1064 vim
410 1038 551 1065 rerum
567 1023 946 1082 cognitionemque
959 1021 1357 1082 comprehenderis,
1372 1039 1485 1067 eam-

126 1115 207 1158 que
227 1116 398 1145 omnem
417 1118 514 1145 cum
534 1103 624 1162 ejus
639 1137 650 1157 ,
677 1104 750 1162 qui
771 1102 952 1146 consilio
967 1112 1009 1146 et
1032 1103 1226 1146 oratione
1251 1103 1293 1145 in
1314 1104 1484 1147 civitate

125 1178 283 1236 valeat,
312 1182 488 1225 scientia
512 1192 642 1242 atque
667 1184 974 1226 exercitatione
999 1182 1198 1238 sociaris;
1230 1182 1291 1225 illi
1322 1184 1409 1226 nati
1439 1185 1481 1226 in

123 1258 297 1316 litteris,
334 1260 616 1322 ardentesque
652 1262 718 1306 his
747 1262 918 1318 studiis,
957 1264 1046 1306 otio
1077 1279 1178 1306 vero
1215 1262 1480 1318 diffluentes,

124 1356 207 1383 uon
230 1341 358 1384 modo
375 1341 479 1384 nihil
504 1343 801 1402 acquisierint,
825 1342 896 1386 sed
923 1359 975 1385 ne
994 1341 1194 1385 relictum
1219 1342 1414 1401 quidem,
1440 1352 1482 1385 ct

122 1420 350 1473 traditum,
373 1432 413 1464 et
437 1439 561 1465 suum
587 1422 951 1465 conservaverint.

183 1502 387 1543 XXXIII.
403 1504 589 1544 —rTu1n
613 1503 814 1554 Crassus,
852 1502 952 1545 Non
981 1503 1021 1544 in
1045 1502 1146 1559 hac,
1179 1502 1342 1563 inquit,
1366 1520 1451 1546 una
1467 1539 1478 1557 ,

121 1578 294 1635 Catule,
320 1596 387 1635 re,
413 1580 485 1623 sed
508 1581 551 1623 in
569 1579 660 1623 aliis
678 1580 807 1622 ctiam
832 1580 1148 1638 compluribus,
1173 1581 1478 1624 distributione

121 1659 310 1717 partium
337 1675 386 1701 ac
408 1661 678 1718 separatione
705 1658 1026 1722 magnitudines
1047 1671 1148 1704 sunt
1170 1661 1328 1704 artium
1352 1659 1478 1703 dimi-

120 1749 247 1784 nutae.
265 1740 329 1785 An
351 1752 396 1784 tu
417 1742 652 1796 existimas,
669 1757 801 1800 quum
822 1750 931 1784 esset
951 1739 1322 1800 Hippocratesille
1341 1741 1476 1794 Cous,

122 1819 249 1863 fuisse
271 1830 363 1864 tum
380 1820 485 1864 alios
502 1821 710 1876 medicos,
729 1821 803 1879 qui
827 1820 1008 1876 morbis,
1037 1818 1162 1874 alios,
1189 1819 1264 1878 qui
1292 1817 1474 1861 vulneri-

122 1900 221 1954 bus,
240 1899 364 1956 alios‚
385 1902 459 1960 qui
481 1900 615 1944 oculis
636 1899 935 1943 mederentur?
955 1900 1071 1942 Num
1091 1898 1372 1959 geometriam
1389 1899 1478 1940 Eu-

121 1979 228 2023 clide
254 1991 328 2024 aut
351 1981 632 2035 Archimede,
672 1997 775 2024 num
800 1981 1006 2024 musicam
1034 1982 1232 2024 Damone
1258 1988 1331 2022 aut
1359 1979 1476 2021 Aris-

122 2071 297 2114 toxeno,
329 2078 433 2104 num
461 2062 571 2121 ipsas
603 2061 764 2104 litteras
787 2060 1076 2120 Aristophane
1104 2068 1178 2102 aut
1205 2057 1474 2103 Callimacho

121 2150 352 2196 tractante,
380 2151 465 2184 tam
499 2141 733 2201 discerptas
758 2141 905 2196 fuisse,
933 2149 980 2183 ut
1000 2155 1124 2182 nemo
1146 2155 1280 2199 genus
1306 2138 1475 2180 univer-

123 2236 215 2262 sum
248 2219 618 2279 complecteretur,
653 2230 780 2280 atque
810 2229 855 2262 ut
889 2218 996 2262 alius
1023 2218 1151 2262 aliam
1180 2218 1260 2261 sibi
1287 2225 1473 2277 partem,

123 2299 164 2341 in
188 2315 273 2357 qua
295 2297 552 2354 elaboraret,
580 2299 827 2359 seponereti‘

182 2377 393 2438 Equidem
422 2394 531 2437 saepe
554 2378 635 2421 hoe
651 2378 795 2421 audivi
821 2377 873 2420 de
901 2387 1021 2436 patre
1047 2386 1088 2419 et
1110 2376 1162 2419 de
1187 2389 1334 2419 socero
1355 2389 1470 2426 meo,

121 2468 290 2502 nostros
317 2474 489 2517 quoque
508 2458 727 2512 homines,
756 2458 829 2516 qui
862 2455 1066 2500 excellere
1092 2454 1311 2516 sapientiae
1335 2452 1471 2513 gloria

124 2538 299 2593 vellent,
324 2538 488 2592 omnia,
506 2554 600 2597 quae
616 2537 789 2597 quidem
818 2546 911 2579 tum
937 2537 1026 2579 haec
1045 2536 1195 2579 civitas
1218 2541 1380 2585 nosset,
1403 2547 1470 2574 so·

120 2619 217 2663 litos
250 2634 340 2662 esse
364 2616 604 2678 complecti.
645 2617 931 2660 Meminerant
964 2614 1026 2659 illi
1056 2618 1151 2660 SeX.
1189 2612 1366 2667 AElium,
1394 2609 1467 2654 Μ’..
