1843 3166
342 193 410 229 168
857 199 920 232 DE
948 199 1185 233 ORATORE

340 285 476 345 magis
490 319 501 339 ,
517 301 646 343 quam
664 285 797 327 risum
818 295 981 338 movet,
1003 286 1080 327 uisi
1102 287 1134 327 si
1162 283 1338 343 quando
1359 282 1509 326 incidit
1531 283 1572 325 in
1592 282 1708 326 aliud

342 381 477 424 genus
495 364 679 407 ridiculi.

403 448 564 489 LXIIl.
586 449 694 502 Quae
709 463 866 505 genera
882 463 1132 506 percurram
1151 446 1367 505 equidem.
1385 444 1467 488 Sed
1484 445 1602 487 scitis
1619 460 1708 487 esse

1013 562 1023 583 ,
1066 543 1199 585 quum
1236 525 1353 568 aliud
1389 533 1706 584 exspectamus,

341 526 612 569 notissimum
651 526 823 569 ridiculi
863 543 996 586 genus

340 606 457 649 :iliud
481 607 653 650 (licitur.
683 608 763 650 llic
789 608 1001 650 nobismet
1029 608 1129 667 ipsis
1153 616 1298 650 noster
1322 623 1443 649 error
1467 606 1601 648 risum
1625 622 1707 647 mo·

340 698 418 730 ret.
447 688 577 743 Quod
601 689 634 730 si
657 689 896 731 admixtum
918 698 981 731 est
1002 689 1129 731 etiam
1155 688 1432 746 ambiguum,
1460 688 1506 729 tit
1530 685 1705 729 salsius:

340 777 387 810 ut
416 768 531 828 apud
556 769 753 812 Naevium
788 769 1069 812 videturesse
1099 768 1345 810 misericors
1375 765 1470 822 ille,
1500 768 1574 826 qui
1595 766 1709 826 judi-

340 857 484 892 catum
506 849 602 892 (luci
636 850 783 893 videus
802 886 812 901 ,
844 858 1154 910 percunctatur
1181 850 1258 903 ita,
1284 848 1451 904 Quanti
1483 846 1682 890 addictus
1697 850 1710 890 ξ)

341 951 360 971 a<
376 929 499 974 Mille
530 948 803 974 nummum.»
836 933 878 973 Si
907 930 1143 973 addidisset
1174 927 1503 984 tautummodo,
1530 948 1548 968 (ι
1568 930 1711 972 Ducas

343 1010 466 1066 licet3
494 1032 514 1052 »
556 1022 665 1054 esset
704 1010 810 1053 illud
846 1028 982 1071 genus
1018 1009 1188 1052 ridiculi
1233 1019 1389 1069 praeter
1429 1011 1711 1069 exspectatio-

343 1109 439 1135 nem
465 1109 472 1134 :
503 1091 575 1134 sed
602 1092 703 1150 quia
727 1090 914 1145 addidit,
943 1089 1101 1133 «Nihil
1125 1089 1262 1145 addo,
1290 1088 1422 1132 ducas
1449 1088 1574 1145 licet,
1595 1109 1615 1129 n
1639 1090 1711 1133 ad-

340 1174 431 1216 dito
458 1172 686 1233 ambiguo,
711 1171 846 1215 altero
877 1187 1033 1232 genere
1054 1169 1248 1225 ridiculi,
1281 1169 1382 1225 suit,
1415 1179 1462 1213 ut
1487 1169 1593 1213 mihi
1618 1172 1712 1230 qui—

339 1253 437 1297 dem
458 1254 651 1308 videtur,
671 1252 964 1296 salsissimum.

403 1339 497 1380 Hoc
514 1346 604 1378 tum
624 1345 688 1378 est
711 1335 1092 1388 venustissimum,
1117 1350 1253 1393 quum
1279 1334 1320 1375 in
1345 1333 1625 1376 altercatione
1645 1350 1714 1376 ar-

343 1419 503 1479 ripitur
528 1417 581 1460 ab
601 1416 848 1459 adversario
881 1415 1085 1470 verbum,
1111 1424 1152 1456 et
1176 1431 1228 1457 ex
1257 1431 1333 1470 eo,
1360 1424 1405 1457 ut
1438 1431 1460 1457 a
1484 1414 1643 1458 Catulo
1668 1415 1713 1457 in

342 1499 620 1559 Philippum3
648 1498 690 1540 in
724 1513 823 1540 eum
850 1497 993 1555 ipsum
1017 1494 1207 1555 aliquid,
1241 1496 1316 1554 qui
1341 1494 1575 1551 lacessivit,
1601 1494 1713 1537 inssi-

340 1582 467 1641 gitur.

406 1660 491 1703 Sed
516 1677 653 1720 quum
679 1658 803 1719 plura
832 1659 918 1701 sint
946 1658 1139 1717 ambigui
1166 1673 1348 1717 genera,
1379 1656 1432 1699 de
1466 1657 1626 1716 quibus
1651 1668 1715 1701 est.
1755 1658 1762 1661 “

344 1741 544 1785 doctrina
567 1739 763 1800 quaedam
792 1737 1013 1793 subtili0r3
1039 1736 1263 1781 attendere
1287 1745 1329 1780 et
1353 1737 1562 1797 aucupari
1584 1737 1714 1780 verba

344 1821 564 1882 oportebit
590 1839 597 1863 ε
632 1822 674 1863 iu
702 1837 813 1880 quo,
853 1829 898 1862 ut
921 1836 989 1875 ea,
1016 1835 1112 1878 quae
1138 1818 1224 1861 sint
1248 1816 1498 1878 frigidiora,
1530 1816 1713 1861 vitemus

343 1903 533 1963 (etenim
550 1901 791 1946 cavendum
817 1910 902 1956 est,
933 1916 986 1943 ne
1009 1899 1265 1942 arcessitum
1297 1897 1459 1941 dictum
1484 1898 1712 1958 putetur),

345 1983 561 2044 permulta
578 1993 720 2027 tamen
736 1991 860 2026 acute
881 1981 1086 2024 dicemus.

407 2065 604 2109 Alterum
628 2081 766 2124 genus
783 2072 866 2117 est,
887 2060 1006 2121 quod
1029 2061 1159 2104 habet
1174 2076 1353 2121 parvam
1375 2060 1493 2102 verbi
1518 2060 1713 2102 immuta-

344 2148 528 2201 tionem,
564 2144 681 2204 quod
707 2145 749 2186 in
780 2141 923 2185 littera
955 2143 1171 2202 positum,
1198 2141 1338 2184 Graeci
1366 2149 1522 2183 vocant
1549 2157 1713 2198 παρονο-

340 2232 528 2282 pomulam,
568 2234 619 2267 ut
657 2221 951 2278 Nobiliorem,
991 2220 1336 2264 «mobiliorem»
1375 2222 1502 2275 Cat03
1534 2230 1629 2276 aut,
1664 2231 1713 2264 ut

346 2307 480 2363 idem,
507 2321 641 2365 quum
670 2303 842 2346 cuidam
871 2303 1066 2358 dixisset,
1090 2303 1283 2345 «Eamus
1315 2299 1667 2358 deambulatum,
1693 2323 1711 2342 »

345 2398 389 2432 et
413 2387 504 2442 ille,
533 2405 553 2426 «
575 2384 695 2441 Quid
720 2401 829 2444 opus
858 2384 940 2427 fuit
966 2383 1018 2426 de
1034 2381 1084 2424 Ρ»
1113 2384 1236 2424 «Imo
1261 2397 1388 2439 vero,
1418 2381 1581 2441 inquit,
1605 2382 1711 2441 quid

346 2484 456 2529 opus
470 2467 553 2511 fuit
568 2464 669 2510 te?»
687 2475 763 2508 aut
781 2463 974 2525 ejusdem
990 2463 1213 2524 responsio
1233 2460 1305 2505 illa
1319 2496 1329 2515 ‚
1351 2462 1494 2506 «Situ
1507 2471 1550 2505 et
1566 2460 1712 2505 adver-

347 2565 418 2593 sus
434 2583 445 2605 ,
465 2557 507 2592 et
526 2563 700 2591 aversus
717 2545 961 2606 impudicus
976 2561 1070 2588 es.»

414 2629 558 2672 Etiam
582 2626 879 2686 interpretatio
899 2624 1088 2667 nominis
1114 2623 1245 2666 habet
1269 2640 1471 2679 acumen,
1495 2639 1630 2682 quum
1655 2622 1709 2666 ad
