1843 3166
330 285 350 319 8
843 284 902 318 DE.
928 285 1163 319 ORATORE

330 368 631 427 infinitumque
653 367 861 422 videatur,
891 377 933 409 et
955 366 1070 425 quod
1096 383 1254 427 grau-os
1278 367 1474 410 homines
1500 383 1586 409 non
1614 384 1678 410 so-

329 448 417 492 lum
443 449 617 508 ingenio
637 459 675 491 et
702 447 915 501 doctrina,
936 447 1007 489 scd
1032 447 1160 489 ctiam
1181 447 1269 489 otio
1295 446 1523 506 studioque
1544 446 1680 489 abun-

328 528 491 583 dantes,
508 528 783 587 partitionem
799 525 1015 584 quandam
1041 527 1199 569 artium
1218 525 1366 569 secisse
1381 525 1522 581 video,
1538 542 1679 585 neque

329 609 371 651 in
397 609 598 652 universo
628 622 782 666 genere
814 604 1005 665 singulos
1033 603 1301 660 elaborasse,
1340 604 1414 647 sed
1440 606 1680 665 seposuisse

328 704 352 731 a
375 689 524 731 ceteris
549 686 807 729 dictionibus
832 701 924 727 eam
950 693 1116 743 partem
1141 683 1330 737 dicendi,
1352 700 1445 743 quae
1471 685 1513 727 in
1536 684 1680 727 soren-

329 768 444 810 sibus
481 764 861 825 disceptationibus
897 763 1162 822 judiciorum
1206 773 1280 806 aut
1314 762 1676 806 deliberationum

330 855 597 898 versaretur,
636 853 677 887 et
712 844 753 886 id
786 859 919 886 unum
953 859 1087 902 genus
1125 843 1285 884 oratori
1313 841 1562 901 reliquisse3
1593 859 1680 886 non

331 925 592 985 complectar
612 925 653 966 in
677 924 742 966 bis
762 923 881 965 libris
901 921 1102 980 amplius,
1118 938 1247 981 quam
1262 920 1380 980 quod
1400 921 1500 965 huic
1520 923 1681 981 generi,

332 1021 376 1047 re
401 1005 594 1063 quaesita,
617 1013 657 1046 et
680 1001 865 1045 multum
887 1001 1127 1060 disputata,
1153 1017 1422 1043 summorum
1454 1002 1680 1045 bominum

332 1100 465 1143 prope
489 1098 701 1125 consensu
730 1090 792 1124 est
818 1081 1058 1123 tributum:
1083 1089 1386 1138 repetamque,
1417 1097 1504 1123 non
1529 1080 1582 1123 ab
1613 1082 1679 1123 in·-

332 1160 555 1205 cunabulis
581 1171 737 1203 nostrae
766 1159 919 1202 veteris
943 1158 1207 1218 puerilisque
1235 1158 1440 1201 doctrinae
1461 1159 1681 1218 quendam

331 1241 528 1285 ordinem
554 1248 890 1299 praeceptorum,
917 1237 991 1280 sed
1014 1253 1081 1293 ea,
1107 1252 1202 1296 quae
1224 1236 1444 1296 quondam
1468 1239 1613 1298 accepi
1639 1239 1682 1281 in

333 1328 581 1363 nostrorum
600 1318 828 1361 hominum
857 1315 1325 1375 eloquentissimorum,
1341 1326 1382 1358 et
1400 1318 1520 1360 omni
1541 1317 1682 1378 digni-

333 1409 418 1442 tate
440 1398 701 1459 principum,
721 1396 1014 1456 disputatione
1034 1411 1124 1438 esse
1145 1404 1339 1438 versata:
1361 1412 1448 1438 non
1471 1396 1588 1455 quod
1608 1395 1682 1440 illa

334 1488 622 1531 contemnam,
641 1492 734 1537 quae
748 1476 903 1530 Graeci,
925 1473 1095 1518 dicendi
1115 1474 1300 1517 artifices
1320 1484 1363 1517 et
1382 1473 1596 1532 doctores,
1612 1492 1681 1518 re-

333 1557 573 1617 liquerunt3
600 1556 842 1615 sed,quum
868 1553 939 1597 illa
967 1563 1167 1614 pateant,
1198 1554 1241 1596 in
1272 1564 1565 1614 promptuque
1593 1556 1681 1599 sint

333 1637 552 1691 omnibus,
575 1634 714 1695 neque
737 1652 786 1678 ea
810 1635 1167 1694 interpretatione
1187 1650 1281 1677 mea
1303 1643 1377 1677 aut
1397 1635 1592 1678 ornatius
1612 1652 1682 1679 ex-

334 1715 504 1775 plicari,
527 1724 603 1758 aut
621 1713 792 1775 planius
813 1714 995 1773 exprimi
1020 1713 1203 1773 possint,
1225 1713 1343 1756 dabis
1359 1713 1473 1757 hanc
1490 1715 1684 1770 veniam,

332 1797 393 1838 mi
421 1795 567 1849 frater,
593 1805 641 1838 ut
671 1796 841 1855 opinor,
866 1803 914 1838 ut
935 1810 1085 1837 eorum
1102 1827 1113 1847 ‚
1136 1793 1291 1853 quibus
1320 1810 1487 1837 summa
1512 1794 1684 1838 dicendi

333 1873 425 1917 laus
465 1891 490 1917 a
529 1875 686 1917 nostris
722 1874 971 1917 hominibus
1011 1889 1212 1917 concessa
1247 1883 1312 1916 est
1331 1908 1342 1928 ‚
1383 1874 1685 1918 auctoritatem

332 1954 494 1996 Graecis
520 1962 794 2013 anteponam.

394 2035 492 2076 VII.
514 2034 665 2088 Quum
685 2033 817 2092 igitur
834 2032 1135 2074 vehementius
1156 2032 1431 2075 inveheretur
1450 2033 1492 2074 in
1508 2047 1681 2076 causam

332 2111 577 2170 principum
600 2109 750 2153 consul
775 2108 1002 2169 Philippus
1018 2142 1029 2163 ,
1056 2111 1276 2169 Drusique
1300 2110 1546 2154 tribunatus
1562 2144 1574 2165 ,
1601 2127 1682 2171 pro

333 2199 504 2233 senatus
527 2189 784 2232 auctoritate
808 2198 1047 2248 susceptus,
1069 2189 1247 2249 infringi
1265 2190 1355 2249 jam
1382 2189 1682 2250 debilitarique

332 2268 576 2322 videretur;
598 2268 683 2311 dici
708 2268 814 2311 mihi
838 2269 1027 2325 memini,
1052 2268 1255 2312 ludorum
1283 2286 1564 2313 romanorum
1593 2269 1682 2313 die-

332 2349 411 2392 bus
432 2350 482 2391 L.
500 2350 719 2403 Crassum,
741 2348 862 2407 quasi
885 2347 1118 2409 colligendi
1139 2350 1203 2392 sui
1224 2365 1367 2405 eausa,
1391 2366 1435 2392 se
1457 2350 1502 2392 in
1520 2351 1683 2392 Tuscu-

334 2428 478 2470 lanum
494 2426 726 2470 contulisse
742 2444 750 2469 :
768 2429 934 2471 venisse
949 2428 1100 2471 eodem
1115 2445 1309 2471 socerum
1328 2429 1419 2488 ejus
1434 2429 1508 2488 qui
1523 2428 1682 2484 fuerat,

331 2506 523 2564 Quintus
539 2508 713 2550 Mucius
733 2507 970 2563 dicebatur,
989 2518 1032 2551 et
1047 2510 1108 2551 M.
1125 2510 1356 2565 Antonius,
1371 2509 1502 2552 homo
1521 2517 1563 2551 et
1585 2524 1683 2551 con-

332 2584 526 2629 siliorum
552 2588 594 2628 in
619 2585 840 2645 republica
864 2589 1004 2631 socius
1019 2623 1030 2641 ,
1062 2598 1104 2631 et
1126 2604 1297 2632 summa
1318 2604 1417 2631 cum
1435 2589 1593 2631 Crasso
1616 2586 1679 2630 fa-

333 2664 578 2709 miliaritate
602 2667 875 2725 conjunctus.
