1843 3166
296 157 342 200 Osi
817 158 881 193 DE
913 156 1144 193 ORATORE

297 238 575 295 promiserat,
604 242 715 300 Eg0,
736 241 876 301 inquit
894 241 1054 296 Julius,
1078 257 1157 301 pro
1176 249 1364 298 utroquo
1382 239 1623 298 respondeo
1646 257 1654 283 ;

296 316 357 358 sic
381 316 611 373 faciemus3
637 328 766 380 atquc
792 320 870 363 ista
896 320 1072 380 quidem
1095 319 1368 375 conditione,
1397 317 1464 362 vel
1491 328 1540 363 ut
1563 336 1659 364 vcrn

300 393 401 438 bum
425 396 593 442 nullum
616 398 797 454 faceres,
825 416 892 443 mc
912 409 1093 444 teneres.

361 476 443 520 Hic
471 477 654 523 Catulus
685 480 854 535 arrisit3
892 490 935 524 et
957 479 1117 524 simul:
1150 507 1213 512 —
1244 481 1448 537 Praecisa,
1492 480 1663 539 inquit,

299 555 404 598 mihi
429 556 605 616 quidem
628 558 844 603 dubitatio
865 569 952 611 est,
981 560 1189 619 quoniam
1213 576 1353 620 neque
1384 560 1500 604 domi
1532 561 1665 620 impe-

302 651 464 692 raram,
489 647 532 680 et
554 638 644 693 hic,
669 639 785 698 apud
809 656 938 698 quem
964 656 1081 683 eram
1107 640 1300 694 futurus,
1327 641 1419 684 sine
1447 656 1540 684 mea
1566 657 1664 684 senn

302 715 437 758 tentia
460 724 546 759 tam
571 716 695 761 facile
718 719 931 779 promisit.

363 795 476 839 Tum
498 812 647 841 omncs
670 798 820 842 oculos
841 799 885 842 in
905 800 1148 844 Antonium
1169 800 1475 860 conjecerunt;
1505 809 1549 843 et
1566 798 1638 843 ille
1657 817 1665 843 :

364 876 599 921 ——Audite
626 894 750 935 vero,
782 879 948 935 audite,
983 880 1147 939 inquit3
1184 879 1405 923 hominem
1440 880 1557 923 enim
1597 896 1672 923 au-

303 952 429 998 dietis
449 954 502 999 dc
522 957 691 1012 schola,
716 968 848 1018 atque
866 975 889 1002 a
911 959 1141 1020 magistro,
1170 969 1212 1003 et
1234 961 1383 1020 graecis
1407 959 1561 1004 litteris
1578 976 1673 1003 eru-

303 1032 440 1077 ditum
458 1051 469 1091 ;
498 1044 540 1078 et
559 1052 610 1079 00
632 1037 810 1096 quidem
831 1037 986 1098 loquar
1007 1038 1322 1096 confidentius,
1348 1039 1467 1100 quod
1489 1039 1672 1084 Catulus

303 1113 479 1157 auditor
506 1117 685 1160 accessit
711 1133 720 1161 τ
763 1120 832 1161 cui
865 1134 954 1162 non
985 1117 1127 1163 solum
1161 1135 1242 1163 nos
1280 1117 1405 1163 latini
1435 1120 1674 1177 sermonis,

303 1192 378 1236 sed
398 1194 530 1239 etiam
554 1196 698 1241 Graeci
728 1197 809 1259 ipsi
833 1197 975 1243 solent
994 1216 1081 1244 suae
1099 1198 1258 1261 linguae
1284 1199 1572 1244 subtilitatem
1593 1199 1678 1244 ele-

306 1275 584 1336 gantiamque
610 1277 865 1323 concedere.

369 1356 454 1400 Sed
480 1366 644 1413 tamen,
669 1360 875 1419 quoniam
906 1360 990 1405 hoc
1015 1370 1158 1405 totum
1175 1395 1186 1417 ,
1226 1360 1441 1422 quidquid
1464 1371 1556 1417 est,
1590 1362 1681 1406 sive

307 1437 562 1494 artificium,
588 1439 677 1484 sive
703 1440 897 1485 studium
922 1442 1125 1498 dicendi,
1165 1443 1247 1487 nisi
1274 1444 1456 1488 accessit
1479 1460 1550 1500 OS,
1588 1443 1683 1487 nul-

309 1516 399 1562 lum
426 1528 711 1579 potest'esset,
749 1521 917 1566 docebo
942 1539 1038 1580 vos,
1075 1522 1301 1585 discipuli,
1331 1525 1451 1584 quod
1474 1526 1565 1586 ipse
1592 1541 1681 1568 non

308 1597 467 1656 didici,
492 1599 599 1660 quid
627 1600 681 1644 de
703 1602 823 1645 omni
846 1618 1005 1662 genere
1030 1603 1203 1647 dicendi
1229 1606 1428 1648 sentiam.

374 1680 457 1723 Hic
484 1690 766 1742 posteaquam
795 1683 1062 1741 arriserunt,
1102 1686 1187 1728 Res
1222 1685 1330 1735 mihi
1366 1685 1538 1730 videtur
1566 1703 1687 1743 esse,

312 1760 474 1821 inquit,
502 1761 707 1807 facultate
729 1764 957 1824 praeclara,
988 1774 1081 1809 arte
1103 1766 1351 1810 mediocris.
1376 1769 1461 1811 Ars
1486 1768 1603 1811 enim
1624 1785 1691 1812 ea-

312 1858 411 1886 rum
445 1859 592 1887 rerum
627 1854 717 1900 est,
759 1862 855 1905 quae
892 1846 1112 1901 sciuntur3
1151 1848 1338 1891 oratoris
1368 1858 1516 1892 autem
1549 1850 1691 1893 omnis

311 1924 425 1968 actio
444 1926 746 1986 opinionibus,
766 1944 854 1971 non
874 1928 1076 1984 scicntia,
1098 1928 1360 1972 continetur.
1383 1930 1495 1974 Nam
1514 1940 1555 1973 et
1575 1930 1692 1990 apud

313 2021 386 2048 eos
408 2005 616 2060 dicimus,
641 2008 717 2066 qui
744 2008 965 2064 nesciunt,
989 2018 1032 2051 et
1059 2026 1107 2052 ea
1129 2009 1334 2064 dicimus,
1362 2026 1458 2069 quac
1478 2011 1692 2054 nescimus

316 2085 396 2146 ipsi
419 2102 428 2129 ε
458 2087 605 2146 itaque
627 2097 670 2130 et
689 2086 750 2130 illi
765 2086 870 2131 alias
887 2087 1006 2131 aliud
1025 2089 1178 2133 iisdem
1199 2089 1251 2133 (10
1271 2090 1401 2133 rebus
1417 2100 1458 2134 et
1474 2091 1669 2134 sentiunt
1682 2125 1694 2148 ,

316 2175 358 2209 et
378 2165 603 2226 Judicant,
632 2177 674 2211 et
699 2184 777 2211 nos
802 2170 1042 2213 contrarias
1064 2187 1175 2230 saepe
1199 2187 1349 2214 causas
1371 2170 1578 2228 dicimus,
1604 2188 1695 2215 non

317 2247 447 2290 modo
484 2257 532 2290 ut
568 2250 749 2292 Crassus
783 2259 937 2293 contra
972 2266 1042 2293 me
1072 2250 1187 2294 dicat
1222 2250 1481 2311 aliquando,
1511 2262 1587 2295 aut
1615 2267 1696 2312 ego

317 2338 472 2372 contra
493 2331 723 2384 Crassum,
759 2347 897 2390 quum
930 2329 1129 2374 alterutri
1161 2348 1334 2375 necesse
1365 2334 1420 2375 sit
1444 2331 1602 2375 falsum
1628 2332 1694 2375 di-

319 2424 443 2466 0οΓος
471 2409 546 2453 sed
575 2410 705 2453 etiam
735 2420 785 2453 ut
805 2419 990 2471 uterque
1020 2421 1221 2455 nostrum
1253 2411 1404 2456 eadem
1432 2411 1485 2455 de
1516 2428 1563 2455 re
1591 2411 1696 2456 alias

318 2488 439 2533 aliud
465 2489 692 2545 defendat,
722 2507 859 2550 quum
888 2491 985 2552 plus
1015 2508 1106 2535 uno
1132 2509 1285 2535 verum
1313 2509 1402 2536 esse
1429 2508 1518 2535 non
1544 2495 1694 2553 possit.

321 2572 382 2614 Ut
407 2571 543 2632 igitur
570 2572 614 2614 in
641 2571 854 2632 ejusmodi
882 2589 951 2625 re,
987 2589 1082 2632 quae
1103 2572 1333 2617 mendacio
1359 2574 1457 2616 nixa
1483 2575 1563 2629 sit,
1602 2590 1698 2634 quac
