1843 3166
390 216 408 249 3
417 214 461 249 50
881 212 944 246 DE
974 211 1220 247 ORATORE.

390 292 494 338 Opus
521 289 703 325 tesserulis
725 295 807 336 apte
837 294 1062 332 consertum,
1080 293 1115 322 et
1144 286 1263 336 effigie
1292 301 1414 325 rerum
1445 290 1725 339 animaliumque

389 352 599 388 distinctum
618 350 792 386 emblema
810 348 1085 384 vermiculatum
1097 356 1260 385 vocatur.
1281 350 1412 388 Sriuzn.
1427 372 1477 379 —-
1495 351 1632 388 Gallice
1644 365 1723 387 mo-

384 417 521 460 sasque.

438 471 481 506 Si
504 471 616 507 verba
635 478 808 506 extrema.
829 467 993 516 Intellige
1012 466 1175 503 ultimam
1195 476 1232 505 et
1254 470 1406 516 primam
1417 470 1573 507 litteram
1586 471 1724 507 utrius-

388 544 462 579 que
479 530 601 574 verbi3
622 530 725 578 quod
751 529 786 564 in
806 528 957 576 gratiam
983 539 1112 562 eorum
1130 528 1309 564 lectorum
1338 531 1481 576 monui,
1507 531 1572 579 qui
1596 531 1727 580 exqui-

387 590 506 626 sitiori
525 590 696 625 latinitati
719 589 886 624 nondum
905 587 990 622 satis
1008 593 1093 622 sunt
1112 588 1255 624 assueti.
1275 590 1369 624 ERN.

438 651 524 686 Cn.
544 651 716 686 XLVIII.
747 647 977 684 Continuatio
1003 647 1193 682 verborum
1222 648 1304 684 hoec
1330 650 1460 683 soluta.
1491 649 1726 685 Continuatio

387 710 591 757 opponitur
615 708 786 744 membris
816 707 965 756 singulis
984 719 1128 742 sensum
1145 720 1213 755 per
1237 721 1274 744 se
1298 710 1448 756 plenum
1467 707 1727 755 efficientibus;

388 782 468 818 quae
488 777 524 804 et
543 769 718 805 dissoluta
738 768 923 812 dicuntur,
935 779 1051 815 quum
1063 780 1140 804 non
1152 780 1318 804 connexa
1330 774 1415 804 sunt
1432 767 1528 803 inter
1539 781 1593 813 se;
1611 780 1727 817 eaque

386 837 439 866 est
456 832 577 866 soluta
596 828 834 866 continuatio.
854 830 949 864 ERN.

438 893 524 927 Cn.
546 893 626 926 LII.
646 893 691 926 In
708 897 894 938 perpetua
911 894 1033 923 autem
1053 888 1228 924 oratione.
1248 889 1356 925 Hunc
1374 890 1517 935 locum,
1538 901 1579 925 ac
1596 888 1728 924 deinde

387 963 491 998 capp.
525 964 614 995 uu,
646 962 708 986 mv
733 956 767 984 et
791 962 853 993 Lv,
882 947 1075 995 descripsit
1105 948 1371 995 Quintilianus,
1395 961 1454 994 1x,
1482 961 1520 993 1,
1540 955 1651 996 atque
1677 948 1730 983 ibi

385 1017 547 1059 τεχνιχάς,
582 1023 662 1057 quae
691 1008 749 1044 hic
768 1008 968 1045 acervatius
998 1015 1216 1054 occurrunt,
1246 1021 1356 1045 voces
1380 1008 1574 1044 illustravit
1602 1008 1729 1044 erudi-

386 1069 467 1105 tius.
489 1072 769 1106 CAPPERONIER.

438 1132 523 1166 CAr.
548 1131 646 1166 LIII.
675 1131 740 1164 His
761 1129 847 1175 sere
869 1129 1063 1164 luminibus
1093 1129 1278 1164 illustrant
1301 1130 1500 1165 orationem
1528 1129 1727 1164 sententiae.

385 1192 470 1226 Non
490 1180 655 1225 oblivisci
673 1189 865 1234 debemus,
885 1201 1000 1236 quum
1023 1188 1177 1237 legimus
1195 1190 1386 1226 confusam
1409 1190 1507 1225 illam
1527 1187 1729 1237 figurarum

385 1250 717 1294 enumerationem,
754 1262 826 1297 pro
860 1248 988 1298 figuris
1028 1249 1198 1285 habuisse
1227 1250 1443 1286 Ciceronem
1475 1261 1730 1297 quoscumque

385 1316 506 1345 motus
527 1309 723 1354 orationis,
750 1316 923 1360 σχήματα,
942 1315 984 1344 ut
1007 1309 1097 1345 dicit
1118 1309 1196 1357 ipse
1220 1311 1317 1346 Orat.
1330 1337 1342 1354 ‚
1363 1323 1393 1345 c.
1414 1322 1499 1345 xxv.
1522 1309 1659 1344 Eadem
1678 1315 1730 1344 est

385 1370 568 1414 doctrina,
587 1370 625 1404 in
645 1370 705 1405 lib.
723 1383 761 1404 1v
782 1372 835 1404 ad
857 1372 1012 1405 Herenn.
1025 1396 1036 1413 ‚
1061 1370 1128 1406 ubi
1140 1396 1150 1415 ,
1171 1370 1266 1406 inter
1284 1370 1470 1407 sententiae
1487 1368 1641 1418 figuras,
1659 1382 1731 1404 nu-

384 1437 570 1465 merantur
594 1431 859 1476 amplg‘fi'catio,
887 1433 1103 1476 eoeemplum.
1124 1432 1207 1467 Hoc
1231 1431 1366 1467 oblitus
1394 1438 1447 1467 est
1468 1430 1730 1477 Quintilianus,

385 1502 500 1536 quum
514 1488 681 1524 Ciceroni
700 1489 922 1534 exprobrat,
944 1488 1048 1534 quod
1071 1499 1140 1533 pro
1154 1490 1281 1534 figuris
1299 1491 1442 1524 dederit
1457 1490 1632 1536 plurimas
1646 1502 1730 1525 ora—

383 1548 493 1583 tionis
511 1548 665 1592 formas,
679 1559 761 1594 quae
779 1559 856 1582 non
877 1559 972 1582 verae
989 1553 1074 1582 sunt
1093 1545 1229 1593 figurae.
1244 1548 1317 1581 Sed
1330 1547 1407 1593 ipse
1426 1549 1602 1593 Quintil.‚
1615 1562 1675 1592 rx,
1693 1562 1707 1582 1
1720 1575 1730 1592 ,

384 1622 442 1644 eas
456 1609 575 1644 solum
592 1608 748 1642 vocabat
766 1606 920 1655 figuras,
940 1619 1021 1654 quae
1043 1607 1090 1641 ab
1114 1619 1182 1642 usu
1201 1613 1237 1642 et
1255 1606 1373 1642 forma
1396 1607 1573 1642 orationis
1588 1609 1730 1655 vulgari

385 1668 681 1712 recedebant‚in
702 1680 778 1715 quo
797 1668 1042 1715 reprehensus
1061 1674 1114 1702 est
1127 1679 1147 1702 a
1167 1674 1296 1702 nostro
1321 1667 1547 1702 Dumarsais.
1571 1669 1604 1703 J.
1623 1668 1668 1702 V.
1688 1669 1728 1703 L.

435 1730 518 1764 Cn».
547 1729 680 1763 LVIII.
706 1728 759 1762 Ob
787 1728 1019 1762 collocandas
1046 1727 1203 1774 nuptias.
1231 1726 1399 1773 Explicat
1427 1725 1617 1772 Cnjacius,
1653 1727 1728 1762 Ob-

384 1801 471 1823 serv.
486 1801 525 1822 xi
542 1815 551 1831 ,
571 1800 600 1823 c.
629 1788 684 1823 15.

441 1849 518 1882 Uno
526 1860 669 1894 pressu.
695 1847 887 1882 Schutzius
907 1861 915 1881 :
943 1861 1013 1883 uno
1033 1848 1106 1882 oris
1124 1859 1281 1894 pressu,
1307 1852 1350 1881 ut
1368 1857 1447 1893 cap.
1466 1858 1530 1880 ΧΠ
1554 1852 1608 1882 est
1626 1859 1635 1882 z
1657 1847 1728 1881 on's

381 1919 507 1954 pressu
533 1915 571 1942 et
587 1919 687 1942 sono.
710 1907 910 1944 Beciehem.
931 1907 1092 1944 correxit
1111 1920 1119 1941 τ
1140 1918 1216 1942 uno
1235 1905 1377 1953 spiritu.

437 1968 519 2002 Cap.
555 1968 654 2003 LIX.
690 1967 764 2013 Qui
782 1976 1046 2015 personatum,
1073 1979 1118 2002 ne
1144 1967 1313 2001 Roscium
1339 1966 1494 2014 quidem.
1523 1966 1609 2001 Non
1640 1964 1726 2000 inde

384 2027 506 2076 colligi
524 2028 651 2072 debet,
677 2028 812 2063 Roscio
832 2028 979 2064 solitum
1000 2027 1107 2063 fuisse
1130 2039 1326 2075 personam
1348 2038 1425 2062 non
1452 2025 1627 2070 induere3
1655 2024 1726 2061 sci-

383 2107 463 2134 mus
486 2094 581 2129 enim
599 2095 697 2130 hunc
716 2095 825 2131 fuisse
841 2108 982 2131 morem
999 2095 1099 2142 apud
1118 2096 1305 2131 Romanos
1322 2093 1563 2129 histrionibus
1576 2092 1625 2128 ob
1642 2105 1723 2128 ma—

384 2154 610 2202 gnitudinem
639 2155 877 2190 theatrorum.
903 2156 978 2191 Nec
1005 2167 1099 2202 opus
1130 2161 1183 2190 est
1212 2155 1422 2201 conjectura
1449 2153 1634 2201 Schlegel‚
1660 2152 1725 2200 qui

383 2220 489 2260 putat
513 2213 711 2261 aliquando
730 2215 903 2250 Roscium
922 2215 966 2249 ab
989 2215 1052 2250 illo
1077 2227 1181 2250 more
1201 2214 1409 2259 descivisse,
1426 2220 1468 2248 ut
1491 2212 1724 2260 cupientibus

383 2274 556 2308 Romanis
569 2275 850 2320 obtemperaret.
865 2275 974 2310 Vides
988 2275 1088 2322 apud
1103 2275 1250 2310 Festum
1260 2302 1269 2319 ,
1283 2273 1405 2309 multis
1418 2273 1521 2308 annis
1534 2279 1618 2320 post
1635 2273 1721 2307 Νεε-

384 2332 483 2368 vium
499 2339 667 2380 poetam,
690 2334 873 2369 comoedos
894 2342 928 2369 et
949 2335 1134 2383 tragoedos
1152 2334 1318 2382 personis
1344 2334 1397 2369 uti
1423 2333 1583 2379 coepisse.
1608 2332 1720 2379 Atqui

386 2392 526 2428 Naevius
544 2393 637 2428 obiit
655 2405 686 2428 a.
705 2394 750 2429 U.
774 2395 812 2429 C.
830 2393 912 2429 550.
935 2395 1046 2429 Senes
1069 2394 1191 2442 igitur,
1212 2394 1258 2429 de
1277 2394 1411 2441 quibus
1429 2392 1594 2439 loquitur
1613 2392 1722 2426 Cras-

387 2465 445 2488 sus
458 2451 505 2501 (a.
521 2451 622 2502 662),
636 2465 774 2488 morem
792 2454 888 2490 hunc
910 2454 1161 2501 incipientem,
1174 2461 1209 2488 et
1227 2454 1400 2489 Roscium
1417 2453 1588 2499 juvenem
1598 2451 1722 2486 videre

385 2519 593 2558 potuerant.
618 2514 753 2557 Immo,
781 2512 870 2549 dicit
896 2515 1106 2558 Athenaeus,
1129 2526 1213 2559 mv,
1245 2512 1417 2548 Roscium
1453 2512 1548 2547 inter
1583 2510 1721 2557 primos

388 2571 518 2618 fuisse,
537 2572 601 2619 qui
625 2572 809 2619 personati
833 2574 1047 2609 comoediam
1067 2580 1129 2609 aut
1153 2573 1365 2621 tragoediam
1393 2578 1551 2620 agerent.
1574 2572 1605 2606 J.
1620 2572 1662 2605 V.
1677 2570 1716 2604 L.
