1843 3166
721 247 863 282 LIBER
893 249 918 281 1.
1484 255 1502 289 3

140 333 229 377 cuti
250 348 424 387 sumus;
447 330 609 391 aliquid
631 330 781 374 iisdem
802 330 855 374 de
879 331 1004 375 rebus
1028 331 1203 392 politius
1224 349 1246 376 a
1268 336 1391 380 nobis
1411 353 1501 397 per-

141 413 380 471 sectiusque
408 410 590 471 proferri
616 427 625 453 :
655 409 851 469 solesque
876 427 1189 470 nonnunquam
1215 412 1296 455 hac
1324 413 1375 457 de
1403 432 1448 458 re
1477 433 1501 460 a

141 508 209 535 me
236 493 280 534 in
306 490 670 551 disputationibus
696 490 855 533 nostris
879 490 1124 544 dissentire,
1148 492 1265 551 quod
1294 509 1372 553 ego
1395 511 1500 554 pru-

141 571 491 614 dentissimorum
514 570 741 614 hominum
773 570 938 614 artibus
967 570 1260 631 eloquentiam
1287 575 1500 618 contineri

141 659 351 706 statuam3
381 660 428 693 tu
454 659 599 693 autem
627 649 746 694 illam
780 650 832 693 ab
867 650 1079 711 elegantia
1113 651 1320 696 doctrinae
1357 670 1499 714 segre-

140 729 326 789 gandam
348 740 492 790 putes‚
515 740 558 774 et
581 731 622 773 in
643 730 831 790 quodam
852 730 1011 790 ingenii
1034 741 1161 791 atque
1180 734 1498 777 exercitationis

140 827 296 871 genere
318 811 575 871 ponendam.

204 892 266 934 Ac
288 891 393 934 mihi
417 891 590 951 quidem
621 907 916 952 saepenumero
940 893 982 935 in
1009 909 1200 936 summos
1223 894 1420 938 homines
1449 911 1498 938 ac

141 972 319 1015 summis
356 972 541 1032 ingeniis
583 971 783 1031 praeditos
826 973 1038 1027 intuenti,
1085 973 1365 1031 quaerendum
1408 990 1498 1017 esse

140 1054 279 1095 visum
300 1062 381 1108 est,
400 1052 505 1111 quid
523 1062 651 1108 esset,
666 1068 744 1095 cur
760 1051 903 1112 plures
923 1053 967 1095 in
987 1053 1186 1096 omnibus
1204 1053 1352 1107 rebus,
1367 1070 1496 1113 quam

140 1133 185 1176 in
207 1132 390 1176 dicendo
413 1132 687 1175 admirabiles
711 1133 986 1175 exstitissent.
1016 1134 1148 1189 Nam,
1175 1150 1436 1192 quocunque
1457 1144 1497 1177 te

139 1212 283 1255 animo
311 1222 353 1255 et
380 1213 642 1272 cogitatione
669 1213 949 1267 converteris,
977 1211 1214 1271 permultos
1239 1212 1496 1257 excellentes

139 1293 184 1335 in
203 1308 378 1352 quoque
400 1308 555 1350 genere
580 1291 763 1345 videbis,
793 1306 879 1332 non
906 1291 1188 1332 mediocrium
1215 1292 1373 1333 artium
1388 1325 1399 1346 ‚
1423 1292 1494 1334 sed

138 1385 273 1430 prope
297 1370 595 1412 maximarum.

202 1450 313 1506 Quis
344 1450 460 1493 enim
491 1459 555 1492 est
583 1450 677 1509 qui,
706 1449 740 1492 si
770 1448 985 1493 clarorum
1011 1450 1239 1493 hominum
1274 1452 1495 1495 scientiam

139 1546 285 1573 rerum
326 1538 542 1590 gestarum
580 1528 647 1572 vel
686 1528 870 1572 utilitate
906 1528 973 1572 vel
1015 1530 1313 1590 magnitudine
1353 1531 1493 1573 metiri

137 1608 260 1667 velit,
288 1627 376 1653 non
411 1620 645 1670 anteponat
681 1611 842 1654 oratori
870 1610 1198 1670 imperatorem?
1228 1612 1323 1670 quis
1351 1621 1491 1654 auten]

139 1690 331 1747 dubitet,
361 1692 467 1750 quin
498 1689 600 1733 belli
636 1689 768 1733 duces
806 1691 1178 1750 praestantissimos
1211 1707 1260 1733 ex
1295 1691 1376 1733 hac
1410 1707 1496 1734 una

138 1771 311 1815 civitate
344 1787 452 1831 pene
487 1769 841 1825 innumerabiles,
871 1771 914 1813 in
947 1769 1131 1814 dicendo
1168 1781 1312 1814 autem
1354 1769 1496 1813 excel-

138 1849 273 1894 lentes
294 1851 366 1893 vix
390 1867 547 1910 paucos
573 1849 764 1909 proferre
787 1849 1033 1909 possimus?

201 1933 297 1975 Jam
327 1947 447 1986 vero,
475 1930 654 1973 consilio
679 1948 726 1974 ac
753 1931 961 1990 sapientia
992 1931 1066 1989 qui
1092 1947 1240 1990 regere
1262 1946 1310 1973 ac
1337 1930 1493 1990 guber-

139 2027 242 2054 nare
259 2009 571 2070 rempublicam
598 2020 792 2070 possent,
815 2009 939 2052 multi
964 2020 1130 2065 nostra,
1154 2009 1299 2069 plures
1321 2020 1491 2069 patrum

139 2090 366 2146 memoria,
388 2100 518 2150 atque
542 2091 671 2133 etiam
697 2090 912 2148 majorum
935 2090 1211 2143 exstiterunt,
1235 2105 1369 2148 quum
1391 2089 1493 2131 boni

140 2169 294 2229 perdiu
318 2168 447 2225 nulli,
476 2170 547 2212 vix
570 2179 716 2212 autem
739 2168 919 2229 singulis
942 2169 1137 2211 aetatibus
1159 2167 1317 2228 singuli
1343 2167 1495 2211 tolera-

140 2248 246 2292 biles
269 2259 459 2293 oratores
487 2251 797 2293 invenirentur.
824 2251 907 2304 Ac,
932 2265 984 2292 ne
1014 2250 1108 2308 quis
1138 2248 1248 2292 forte
1276 2265 1374 2291 cum
1403 2247 1495 2290 aliis

140 2328 313 2384 studiis,
344 2345 437 2388 quae
461 2329 694 2373 reconditis
722 2331 765 2372 in
789 2330 972 2385 artibus,
997 2339 1125 2388 atque
1148 2330 1190 2371 in
1216 2328 1402 2388 quadam
1427 2345 1495 2371 va-

140 2408 294 2451 rietate
327 2407 565 2452 litterarum
595 2419 839 2465 versentur,
866 2410 1000 2469 magis
1026 2409 1137 2451 hanc
1163 2408 1332 2451 dicendi
1366 2409 1495 2450 ratio-

142 2503 260 2543 nem,
280 2505 409 2548 quam
437 2505 535 2532 cum
559 2490 827 2549 imperatoris
857 2488 1002 2543 laude,
1029 2498 1104 2531 aut
1123 2505 1221 2531 cum
1247 2488 1345 2530 boni
1376 2504 1495 2530 sena—

142 2569 247 2610 toris
270 2568 499 2628 prudentia
527 2568 861 2628 comparandam
890 2578 1032 2628 putet3
1059 2576 1278 2611 convertat
1303 2568 1494 2609 animum

142 2646 196 2689 ad
221 2663 270 2690 ea
298 2649 388 2708 ipsa
420 2650 577 2691 artium
610 2664 785 2708 genera,
815 2649 1237 2707 circumspiciatque‚
1267 2646 1338 2704 qni
1372 2647 1413 2687 in
1444 2646 1493 2688 iis

1274 2741 1306 2767 1.
