1843 3166
357 191 377 226 3
387 205 399 226 1
408 192 429 225 6
858 192 920 225 DE
949 191 1196 226 ORATORE..

353 268 528 302 indictum
547 267 730 312 exsilium,
750 266 948 302 ulciscendi
968 267 1091 302 studio
1112 267 1181 302 fuit
1202 272 1332 314 praeter
1350 265 1502 301 modum
1522 266 1702 313 infensus-‚3

353 329 444 363 adeo
465 335 504 363 ut
530 329 567 363 in
599 329 708 374 hujus
732 328 907 375 principis
926 329 1056 372 rebus,
1086 328 1243 370 nullam,
1263 334 1412 362 auctore
1443 327 1574 372 Suida,
1593 326 1704 362 fidem

353 397 545 426 mereatur.
568 389 719 437 Scripsit
743 390 788 424 de
813 389 936 437 Syria,
955 396 991 424 ct
1010 389 1088 434 ejus
1107 389 1315 424 civitatibus
1336 395 1408 423 tres
1431 389 1564 434 libros,
1591 396 1632 424 ut
1656 389 1707 424 ait

353 450 500 495 Suidas;
530 459 564 486 ct
584 451 754 497 exposuit
780 451 917 485 bellum
937 450 1084 498 Pyrrhi,
1110 457 1151 484 ut
1175 450 1225 485 ait
1251 449 1379 485 Cicero
1400 449 1435 483 in
1459 451 1577 496 Epist.
1598 451 1704 485 Fam.

353 511 459 546 Varia
480 512 547 546 fuit
567 512 610 546 dc
631 512 711 557 ipso
733 511 922 546 sententia.
945 524 952 545 τ
974 511 1102 545 Cicero
1129 511 1161 545 ei
1179 523 1346 559 magnam
1366 510 1511 545 laudem
1531 511 1707 546 doctrinae

353 579 387 606 ct
406 574 603 613 ubertatis,
633 579 667 607 et
693 572 910 620 eloquentiae
937 573 1078 607 tribuit.
1103 573 1210 607 Illum
1237 572 1297 606 alii
1325 578 1488 617 censent,
1514 572 1615 606 nullo
1637 572 1705 606 de-

353 636 468 675 lectu,
497 634 679 680 quidlibet
712 633 749 667 in
774 646 855 668 suas
874 633 1045 668 historias
1072 633 1262 668 insarsisse.
1286 633 1487 679 Hesychius
1514 639 1548 667 et
1577 632 1708 667 Suidas

354 694 533 735 referunt,
554 706 636 727 cum
655 706 765 727 anum
786 695 1024 727 collectricem
1043 693 1268 739 appellatum
1290 691 1410 727 fuisse.
1431 692 1622 740 Longinus
1643 692 1708 727 Ti-

354 766 483 787 moeum
509 753 596 787 dicit
626 765 718 799 saepe
749 752 941 799 frigidum,
963 760 998 787 et
1029 753 1075 786 ad
1108 752 1264 798 puerilia
1288 751 1422 788 delabi.
1451 754 1498 788 At
1520 753 1709 788 Diodorus

353 814 495 848 Siculus
519 826 602 848 eum
621 819 776 860 propter
797 812 1068 859 intempestivas
1092 811 1394 858 reprehensiones
1417 814 1543 859 carpit.
1565 814 1709 849 Plutar-

353 875 440 908 chus
460 874 566 908 etiam
579 902 587 918 ,
607 881 648 908 ut
673 873 824 918 Suidas‚
847 872 1072 920 prudentiae,
1098 879 1134 907 et
1152 872 1356 917 modestiae,
1383 879 1419 906 et
1444 873 1607 908 veritatis
1625 874 1708 908 lau-

353 935 434 969 dem
461 935 530 981 ipsi
568 935 737 970 detrahit.
766 936 946 969 Prustaeus
980 941 1015 968 et
1046 934 1186 969 Talaeus
1206 940 1342 968 tantam
1367 933 1468 968 litem
1494 934 1560 969 sub
1585 933 1711 979 judice

354 995 575 1042 relinquunt.
597 995 751 1029 Timaeus
770 1007 886 1029 annos
910 993 957 1042 96
977 994 1086 1039 vixit,
1112 1000 1202 1029 teste
1226 993 1391 1028 Luciano
1411 994 1449 1028 in
1471 994 1683 1029 Macrobiis.

407 1057 492 1090 CM».
513 1057 592 1090 XV.
615 1057 708 1101 Quoe
728 1056 950 1103 temporibus
968 1063 1004 1090 et
1022 1055 1194 1102 personis
1212 1063 1348 1089 notata>
1366 1062 1459 1089 sunt.
1481 1056 1617 1090 Omnes
1630 1055 1711 1089 edi-

353 1117 470 1151 tiones
499 1117 685 1151 habebant
715 1125 821 1151 notoe.
851 1117 924 1151 Sed
949 1115 1167 1160 Lambinus,
1201 1115 1250 1150 ait
1279 1115 1472 1160 Pearcius,
1502 1115 1711 1150 inusitatam

353 1177 445 1211 hanc
465 1177 689 1212 locutionem
709 1178 907 1212 arbitratus
928 1184 996 1221 cst,
1012 1184 1047 1212 et
1061 1177 1149 1225 legit
1167 1184 1328 1219 notatoe;
1354 1176 1459 1224 quod
1477 1177 1711 1211 vehementer

352 1238 484 1282 probo.
511 1237 568 1272 Sic
594 1237 691 1272 enim
715 1238 831 1272 edidit
859 1238 945 1272 olim
973 1237 1179 1281 Manutius,
1210 1244 1245 1272 et
1281 1237 1330 1272 sic
1362 1237 1511 1281 Cicero,
1540 1238 1587 1271 de
1612 1237 1710 1273 Ora-

353 1306 448 1339 tore,
481 1311 512 1342 1,
540 1299 608 1342 31,
640 1298 831 1346 distinguit
861 1297 1041 1333 infinitam
1070 1298 1308 1346 quaestionem
1339 1310 1358 1332 a
1383 1297 1504 1342 finita,
1541 1297 1628 1345 quia
1652 1297 1711 1332 illa

353 1371 424 1391 non
449 1358 659 1405 designatur
684 1359 905 1406 temporibus
924 1372 968 1392 ac
981 1359 1162 1405 personis.
1177 1357 1255 1402 Sic,
1275 1358 1314 1392 in
1333 1359 1436 1393 Part.
1462 1358 1563 1392 Orat.
1584 1370 1596 1390 :
1615 1373 1629 1388 «
1642 1358 1711 1392 Al·-

354 1425 471 1451 terum
499 1416 703 1462 infinitum,
728 1418 837 1452 nullis
855 1431 975 1464 neque
994 1419 1180 1464 personis,
1200 1430 1320 1464 neque
1346 1418 1575 1465 temporibus
1598 1423 1711 1452 nota-

354 1485 479 1521 tum;»
499 1485 534 1512 et
554 1477 641 1512 alibi
669 1491 676 1512 :
708 1495 721 1509 «
738 1480 792 1512 Ita
815 1478 1099 1524 disceptationes
1129 1490 1200 1522 eae,
1221 1491 1302 1524 quae
1326 1478 1365 1512 in
1387 1478 1430 1512 iis
1455 1477 1712 1513 controversiis

354 1538 536 1581 oriuntur,
548 1550 628 1583 quae
647 1544 731 1571 sunt
746 1538 853 1572 certis
868 1538 1036 1583 personis
1051 1545 1085 1572 et
1100 1537 1331 1584 temporibus
1341 1545 1485 1573 notatae.
1499 1556 1517 1572 π
1538 1540 1675 1573 PEAnc.

407 1598 492 1632 CAP.
511 1597 632 1630 XVII.
651 1597 966 1642 Quemadmodum
987 1598 1023 1631 in
1043 1598 1174 1644 clypeo
1195 1597 1290 1631 idem
1308 1598 1371 1631 ille
1389 1597 1540 1642 artg'fex.
1560 1599 1690 1632 Metuo
1702 1625 1711 1643 ,

355 1665 394 1691 ut
422 1657 466 1692 sit
490 1657 548 1691 hic
578 1658 681 1692 locus
710 1658 862 1705 integer.
892 1659 961 1692 Per
984 1669 1094 1692 voces
1115 1657 1210 1691 idem
1239 1658 1302 1692 ille
1326 1657 1464 1703 artzsex
1488 1657 1714 1705 significatur

354 1718 509 1753 Phidias.
530 1719 628 1752 Num
648 1719 762 1765 igitur
781 1718 853 1753 hoc
880 1718 968 1753 dicit
987 1717 1186 1762 Antonius,
1205 1718 1390 1753 neminem
1415 1719 1638 1766 sculptorem
1657 1719 1714 1753 la—

355 1780 576 1813 boraturum
605 1792 700 1823 csse,
729 1780 1044 1826 quemadmodum
1067 1779 1216 1814 Phidias
1236 1779 1352 1814 discat
1372 1780 1491 1815 facere
1515 1780 1575 1814 illa
1600 1791 1715 1827 opera

355 1840 527 1874 minora?
547 1840 646 1874 Nihil
670 1840 810 1885 minus,
833 1841 897 1876 sed
922 1841 1238 1888 quemadmodum
1256 1841 1334 1887 ipse
1356 1841 1482 1876 discat.
1497 1841 1712 1877 Emendan-

357 1901 444 1935 dum
470 1901 583 1949 igitur
601 1903 723 1936 locum
741 1902 814 1936 hoc
831 1902 946 1936 modo
972 1913 1102 1936 censeo
1124 1915 1131 1935 :
1152 1917 1166 1932 «
1179 1902 1266 1938 Non
1278 1914 1384 1946 sane,
1399 1902 1715 1949 quemadmodum

356 1962 393 1995 in
414 1963 566 2010 clypeo,
587 1970 628 1997 ut
646 1963 743 1998 idem
765 1962 824 1997 ille
851 1962 1001 2006 artifex,
1027 1962 1173 1998 minora
1194 1962 1255 1997 illa
1280 1975 1393 2009 opera
1419 1963 1555 2007 facere,
1582 1962 1713 2007 discat,

355 2023 550 2057 laborabit.
566 2040 580 2055 »
600 2023 764 2059 Indoctis
783 2023 942 2058 librariis
951 2035 1060 2058 voces
1072 2031 1110 2057 ut
1125 2030 1160 2058 et
1172 2024 1475 2071 quemadmodum
1494 2023 1591 2058 idem
1601 2023 1715 2071 signi-

356 2082 466 2118 ficare
488 2084 642 2119 forsitan
670 2084 902 2119 videbantur.
928 2085 1035 2118 Nunc
1063 2097 1152 2119 vero
1182 2085 1366 2131 posterior
1397 2085 1574 2119 sententia
1596 2084 1715 2131 priori

356 2143 450 2178 bene
471 2144 680 2190 respondet.
706 2145 840 2179 Sensus
860 2151 981 2179 autem
1006 2152 1058 2180 est
1079 2158 1086 2179 τ
1110 2145 1149 2179 Si
1171 2144 1252 2191 quis
1269 2145 1385 2191 possit
1403 2143 1548 2179 efficere
1570 2145 1715 2192 signum

357 2203 550 2250 Minervae,
570 2212 611 2239 ut
637 2204 750 2240 efficit
771 2205 933 2249 Phidias,
953 2206 1057 2240 facile
1083 2205 1197 2240 discet
1221 2206 1365 2240 minora
1390 2205 1451 2240 illa
1472 2218 1606 2253 opera,
1632 2218 1714 2253 quae

358 2265 395 2299 in
416 2266 545 2313 clypeo
566 2272 669 2300 erant
689 2265 825 2309 facere,
844 2273 885 2299 ut
909 2266 1005 2300 idem
1028 2266 1174 2300 Phidias
1194 2265 1298 2300 facile
1318 2265 1457 2300 didicit.
1478 2268 1614 2301 Pmnc.

410 2327 495 2361 Cap.
522 2327 608 2361 XX.
634 2327 680 2359 Ut
702 2326 738 2360 ei
759 2327 948 2361 tradamus
971 2340 1015 2362 ea
1042 2328 1236 2361 duntaxat.
1258 2326 1520 2361 Animadverte
1538 2327 1609 2361 hoc
1628 2327 1712 2361 loco

359 2386 561 2421 Antonium
573 2414 581 2430 ,
602 2386 641 2420 id
659 2393 732 2430 est,
757 2386 971 2422 Ciceronem
994 2388 1208 2435 frequenter
1221 2388 1420 2422 admonere
1438 2400 1475 2422 se
1494 2387 1539 2422 de
1558 2400 1625 2422 suo
1644 2400 1714 2422 usu

359 2447 558 2494 praecipere
591 2446 728 2494 magis,
748 2460 858 2493 quam
892 2448 936 2483 de
963 2450 1174 2483 Graecorum
1197 2448 1359 2491 artibus;
1385 2447 1489 2495 quasi
1513 2447 1651 2493 majus,
1677 2454 1714 2482 et

360 2507 595 2542 excellentius
623 2507 668 2541 sit
699 2508 802 2553 quod
831 2509 995 2555 experti,
1030 2521 1141 2556 quam
1161 2508 1264 2555 quod
1292 2507 1392 2543 docti
1421 2507 1622 2554 loquimur.
1643 2509 1713 2542 Per

362 2568 576 2603 modestiam
598 2568 684 2602 dicit
706 2568 754 2601 illi
777 2581 812 2603 se
842 2569 1088 2604 indicaturum
1113 2569 1206 2603 viam
1228 2582 1306 2616 quse
1335 2568 1433 2605 ducit
1457 2581 1501 2603 eo
1521 2581 1597 2615 quo
1622 2580 1711 2615 per-
