1843 3166
707 205 850 239 LIBER
881 208 907 239 1.
1435 213 1450 249 l,
1461 222 1477 252 7

131 290 295 347 imperii
323 287 621 349 cognoscenda
645 297 706 330 est
726 305 733 330 :
759 287 960 333 libandus
979 291 1108 333 ctiam
1126 308 1175 334 ex
1195 293 1308 336 omni
1329 307 1482 352 genere

133 369 386 412 urbanitatis
402 368 653 411 facetiarum
670 367 846 426 quidam
869 367 986 428 lcpos
1002 385 1010 411 :
1027 386 1133 428 quo,
1154 379 1359 429 tanquam
1377 369 1481 420 sale,

130 457 433 508 perspergatur
458 447 598 490 omnis
624 447 776 489 oratio.
795 446 943 490 Effudi
960 448 1079 491 vobis
1097 449 1259 504 omnia,
1279 467 1370 509 quae
1388 468 1481 493 sen-

131 529 311 583 tiebam,
339 543 432 586 quae
457 527 657 582 fortasse,
685 543 989 587 quemcunque
1012 528 1362 587 patremfamilias
1381 531 1486 573 arri-

130 608 326 667 puissetis
351 623 401 650 ex
425 606 570 667 aliquo
598 606 784 663 circulo,
808 607 956 651 eadem
980 608 1098 651 vobis
1128 610 1485 668 percontantibus

128 687 427 747 respondisset.

189 769 372 812 XXXV.
391 771 491 812 Haec
509 785 644 829 quum
658 770 840 813 Crassus
859 768 1056 826 dixisset,
1074 769 1292 813 silentium
1310 781 1372 815 est
1387 788 1488 815 con-

132 859 340 893 secutum.
373 849 457 893 Sed
485 865 733 909 quanquam
767 850 869 893 satis
896 850 966 906 iis,
993 851 1067 910 qui
1103 850 1305 907 aderant,
1333 851 1386 894 ad
1420 852 1486 907 id,

134 929 250 989 quod
276 939 367 973 erat
390 930 687 990 propositum,
710 929 876 974 dictum
901 930 1147 988 videbatur,
1166 941 1310 975 tamen
1335 934 1488 975 sentie-

130 1011 235 1054 bant
260 1009 439 1054 celerius
465 1027 554 1054 esse
577 1009 738 1067 multo⁷
766 1028 896 1071 quam
919 1013 999 1072 ipsi
1021 1011 1203 1068 vellent,
1222 1013 1274 1056 ab
1293 1030 1343 1057 eo
1365 1029 1489 1073 pero-

130 1100 285 1134 ratum.
323 1092 435 1134 Tum
471 1089 691 1134 Scaevola:
727 1091 849 1147 Quid
876 1101 959 1148 est,
997 1093 1148 1147 Cotta,
1185 1094 1348 1152 inquit,
1385 1094 1486 1152 quid

129 1170 303 1214 tacetis?
329 1169 492 1214 nihilne
516 1171 637 1214 vobis
657 1171 701 1214 in
727 1181 915 1215 mentem
938 1173 1079 1229 venit,
1107 1172 1225 1233 quod
1241 1182 1445 1234 praeterea
1466 1190 1489 1215 a

129 1254 284 1296 Crasso
309 1250 564 1311 requiratis?

192 1334 329 1375 Immo
358 1331 401 1374 id
432 1331 698 1387 mehercule,
728 1333 894 1391 inquit,
928 1333 1070 1393 ipsum
1105 1334 1294 1377 attendo.
1325 1337 1488 1378 Tantus

127 1412 243 1456 enim
279 1428 430 1455 cursus
467 1412 699 1456 verborum
735 1412 836 1467 fuit,
875 1423 918 1456 et
949 1414 1009 1456 sic
1042 1412 1229 1457 evolavit
1261 1415 1419 1471 oratio,
1443 1425 1490 1458 ut

132 1493 222 1552 ejus
247 1492 334 1534 vim
353 1501 484 1551 atque
502 1492 801 1536 incitationem
824 1492 1114 1553 adspexerim3
1132 1494 1312 1554 vestigia
1331 1494 1491 1554 ingres-

129 1588 312 1632 sumque
333 1572 402 1615 vix
423 1571 630 1629 viderim,
648 1582 690 1616 et
715 1583 924 1632 tanquam
948 1574 992 1616 in
1019 1573 1206 1634 aliquam
1234 1573 1489 1635 locupletem

129 1669 179 1696 ac
202 1652 403 1697 refertam
424 1652 601 1696 domum
622 1654 832 1707 venirem,
855 1670 942 1696 non
963 1653 1175 1714 explicata
1193 1666 1330 1711 veste,
1352 1673 1491 1717 neque

128 1734 351 1794 proposito
390 1742 596 1793 argento,
635 1749 775 1793 neque
811 1732 996 1787 tabulis,
1030 1743 1073 1777 et
1105 1735 1237 1794 signis
1270 1735 1490 1796 propalam

130 1811 373 1868 collocatis,
401 1813 474 1856 sed
504 1813 570 1856 his
598 1814 799 1857 omnibus
827 1813 975 1858 multis
1001 1814 1327 1876 magnificisque
1361 1817 1488 1859 rebus

130 1892 388 1936 constructis
423 1909 472 1936 ac
498 1892 729 1936 reconditis
759 1911 768 1936 :
800 1895 860 1937 sic
889 1894 1019 1937 modo
1048 1896 1092 1938 in
1119 1897 1314 1939 oratione
1349 1898 1491 1941 Crassi

133 1971 304 2015 divitias
328 1982 458 2032 atque
478 1982 730 2016 ornamenta
753 1973 843 2033 ejus
871 1974 1032 2034 ingenii
1056 1991 1132 2034 per
1149 1975 1344 2035 quaedam
1369 1976 1490 2019 invo-

134 2050 256 2095 lucra
282 2061 411 2111 atque
438 2053 735 2113 integumenta
765 2054 963 2112 perspexi
994 2070 1002 2096 :
1034 2053 1108 2097 sed
1140 2071 1188 2097 ea
1220 2070 1355 2114 quum
1388 2071 1491 2100 con-

133 2130 330 2191 templari
358 2147 581 2192 cuperem,
602 2132 673 2175 vix
692 2132 927 2192 aspiciendi
945 2142 1134 2193 potestas
1153 2133 1248 2178 fuit.
1267 2138 1333 2179 Ita
1352 2152 1491 2195 neque

133 2209 216 2253 hoc
253 2227 428 2270 possum
467 2211 631 2268 dicere,
666 2229 734 2256 me
763 2213 942 2257 omnino
973 2214 1197 2274 ignorare⁷
1227 2215 1332 2275 quid
1355 2217 1491 2276 possi-

134 2289 254 2345 deat,
283 2306 422 2349 neque
450 2290 577 2351 plane
604 2308 750 2348 nosse,
779 2308 828 2335 ac
858 2292 1026 2337 vidisse.

197 2370 318 2426 Quin
341 2379 388 2413 tu
417 2371 551 2430 igitur
579 2371 682 2415 facis
710 2371 844 2427 idern,
876 2372 1020 2432 inquit
1044 2373 1261 2430 Scaevola,
1291 2375 1407 2435 quod
1432 2375 1493 2419 fa-

133 2465 269 2505 ceres,
304 2451 337 2493 si
375 2451 420 2492 in
456 2449 646 2510 aliquam
683 2451 887 2507 domum,
931 2452 1105 2513 plenam
1138 2466 1490 2499 ornamentorum

134 2526 273 2584 illam,
300 2528 516 2572 venisses?
539 2531 582 2573 Si
600 2547 649 2574 ea
671 2532 875 2590 seposita,
902 2541 948 2575 ut
975 2533 1105 2589 dicis,
1121 2543 1280 2589 essent,
1300 2545 1346 2578 tu
1370 2534 1491 2578 valde

134 2607 356 2666 spectandi
376 2608 560 2669 cupidus
578 2626 706 2663 esses;
731 2628 817 2654 non
836 2611 1057 2656 dubitares
1076 2630 1230 2673 rogare
1248 2613 1489 2671 dominum,
