1843 3166
715 192 855 226 LIBER
882 191 927 225 11.
1413 201 1456 223 20
1465 201 1478 223 1

164 284 303 317 autem
318 275 560 335 agentibus,
575 274 761 328 acribus,
777 271 1007 331 insignitis,
1022 285 1112 328 quae
1128 286 1367 326 occurrere,
1383 270 1483 314 cele-

164 355 346 412 riterque
373 362 591 412 percutere
609 351 797 394 animum
820 350 995 409 possint.
1020 349 1162 404 Quam
1183 346 1422 391 facultatem
1443 359 1484 391 et

163 432 404 474 exercitatio
419 430 554 485 dabit;
568 446 618 473 ex
633 445 716 488 qua
733 428 995 473 consuetudo
1013 428 1220 488 gignitum
1232 436 1272 470 et
1286 426 1482 470 similium

163 511 386 552 verborum
420 524 621 552 conversa
654 517 695 551 et
726 508 949 550 immutata
979 506 1162 561 casibus,
1189 514 1263 548 aut
1293 503 1485 547 traducta

163 604 212 629 ex
238 597 356 646 parte
378 585 430 630 ad
459 603 590 646 genus
614 587 796 642 notatio,
822 595 863 629 et
888 586 1013 628 unius
1043 584 1162 628 verbi
1188 584 1389 643 imagine,
1422 592 1486 625 to-

164 666 246 707 tius
268 665 484 708 sententiae
508 664 768 718 informatio,
797 663 969 723 pictoris
997 661 1215 722 qu'usdam
1240 661 1392 705 summi
1417 676 1486 703 ra-

164 742 278 785 tione
299 752 340 785 et
365 742 515 797 modo,
544 742 778 785 formarum
804 742 1005 784 varietate
1033 740 1148 784 locos
1176 739 1483 799 distinguentis.

225 822 502 864 LXXXVIII.
531 821 613 865 Sed
637 821 865 865 verborum
893 820 1118 874 memoria,
1150 835 1241 878 quae
1265 819 1403 861 minus
1425 826 1486 860 est

164 897 284 941 nobis
301 900 549 954 necessaria,
563 899 722 958 majore
733 900 964 959 imaginum
975 898 1176 941 varietate
1190 896 1482 956 distinguitur:

162 976 295 1019 multa
319 978 430 1020 enim
449 988 548 1021 sunt
567 978 713 1033 verba,
735 994 851 1038 quae,
877 978 996 1036 quasi
1015 975 1201 1031 articuli,
1228 985 1487 1018 connectunt

162 1055 350 1098 membra
377 1057 601 1110 orationis,
630 1073 722 1115 quae
750 1056 923 1099 formari
948 1054 1220 1099 similitudine
1247 1053 1362 1097 nulla
1390 1070 1487 1113 pos-

163 1143 260 1175 sunt
272 1151 282 1187 3
310 1150 459 1177 eorum
474 1135 682 1195 fingendae
704 1135 826 1178 nobis
846 1145 946 1178 sunt
960 1135 1184 1194 imagines,
1209 1133 1364 1192 quibus
1379 1149 1486 1175 sem-

162 1227 235 1270 per
263 1222 446 1256 utamur.
476 1216 639 1256 Rerum
661 1215 868 1257 memoria
889 1214 1062 1273 propria
1081 1222 1144 1255 est
1166 1213 1344 1255 oratoris
1362 1228 1371 1254 :
1396 1228 1486 1254 eam

161 1290 336 1349 singulis
361 1295 550 1351 personis
574 1293 681 1336 bene
703 1294 851 1352 positis
874 1302 1024 1335 notare
1048 1308 1272 1351 possumus
1287 1324 1298 1345 ,
1324 1300 1371 1333 ut
1396 1307 1487 1333 sen-

162 1371 311 1412 tentias
335 1371 609 1431 imaginibus,
630 1371 822 1414 ordinem
844 1370 947 1414 locis
965 1369 1385 1430 comprehendamus.

222 1449 369 1507 Neque
391 1466 538 1492 verum
563 1459 647 1505 est,
670 1450 785 1509 quod
804 1450 856 1492 ab
881 1449 1086 1492 inertibus
1107 1447 1283 1501 dicitur,
1305 1448 1487 1508 opprimi

159 1527 406 1570 memoriam
438 1529 671 1587 imaginum
702 1528 908 1588 pondere,
945 1538 986 1571 et
1021 1528 1238 1570 obscurari
1270 1528 1394 1569 etiam
1425 1527 1486 1582 id,

159 1604 273 1663 quod
296 1622 369 1664 per
390 1622 433 1649 se
452 1615 601 1650 natura
620 1616 762 1649 tenere
781 1607 999 1665 potuisset.
1020 1605 1121 1648 Vidi
1142 1605 1254 1647 enim
1275 1620 1353 1665 ego
1373 1621 1487 1648 sum-

160 1699 248 1725 mos
274 1684 466 1727 homines
481 1717 492 1739 ,
520 1694 562 1726 et
588 1684 732 1727 divina
755 1700 887 1743 prope
907 1684 1130 1739 memoria,
1152 1683 1326 1727 Athenis
1351 1684 1486 1726 Char-

159 1761 324 1804 madam
338 1796 349 1818 ,
371 1763 414 1804 in
425 1763 546 1818 Asia,
570 1779 697 1821 quem
717 1764 858 1806 vivere
871 1763 997 1806 hodie
1013 1764 1153 1818 aiunt,
1169 1764 1386 1822 Scepsium
1400 1765 1488 1806 Me-

158 1839 400 1896 trodorum,
433 1857 615 1899 quorum
654 1851 853 1900 uterque,
886 1850 1089 1900 tanquam
1118 1840 1269 1883 litteris
1294 1841 1337 1883 in
1371 1857 1486 1894 cera,

157 1918 214 1959 sic
242 1933 285 1960 se
308 1919 446 1961 aiebat
472 1920 727 1979 imaginibus
753 1921 796 1961 in
824 1920 873 1962 iis
896 1918 1019 1974 locis,
1048 1935 1154 1978 quos
1176 1919 1372 1975 haberet,
1396 1935 1488 1978 quae

158 1996 398 2040 meminisse
420 1997 569 2053 vellet,
601 1998 876 2057 perscribere.
912 1998 1056 2053 Quare
1080 1998 1160 2040 hac
1191 1998 1488 2040 exercitatione

157 2091 242 2117 non
264 2075 449 2119 eruenda
468 2078 673 2119 memoria
705 2087 787 2132 est,
833 2077 865 2119 si
906 2086 966 2120 est
1005 2075 1121 2119 nulla
1152 2075 1379 2132 naturalis3
1412 2076 1485 2119 sed

156 2161 288 2203 certe,
312 2153 345 2195 si
370 2152 491 2207 latet,
514 2155 728 2197 evocanda
754 2165 831 2198 est.

218 2230 392 2272 Habetis
412 2246 647 2274 sermonem
666 2232 773 2275 bene
796 2232 971 2292 longum
993 2233 1194 2289 hominis,
1218 2232 1378 2276 utinam
1402 2248 1486 2274 non

157 2307 417 2367 impudentis
443 2325 451 2350 ε
476 2308 582 2352 illud
613 2310 787 2369 quidem
825 2320 936 2354 certe
966 2328 1052 2354 non
1086 2312 1210 2355 nimis
1240 2310 1486 2363 verecundi3

155 2388 228 2444 qui
252 2385 444 2445 quidem,
468 2403 599 2445 quum
620 2398 682 2443 te,
705 2388 877 2443 Catule,
901 2398 991 2431 tum
1019 2389 1143 2432 etiam
1169 2391 1219 2432 L.
1241 2391 1394 2432 Crasso
1415 2404 1488 2431 au-

157 2463 317 2518 diente,
347 2464 400 2508 de
419 2465 586 2508 dicendi
608 2469 773 2510 ratione
796 2477 880 2510 tam
914 2467 1047 2510 multa
1074 2467 1262 2511 dixerim.
1294 2468 1404 2511 Nam
1430 2467 1486 2509 is-

156 2551 298 2585 torum
326 2553 427 2587 aetas
453 2545 593 2588 minus
615 2562 681 2588 me
706 2545 882 2589 fortasse
907 2562 1074 2590 movere
1096 2546 1254 2589 debuit.
1283 2544 1363 2588 Sed
1384 2544 1488 2587 mihi
