1843 3166
347 167 412 202 ιφ
861 160 923 193 ΠΕ
953 159 1186 194 onnonr.

340 240 417 283 erit
443 241 726 297 narrandum,
745 259 820 286 nec
846 242 916 286 iila
932 279 942 296 ,
971 261 1064 303 qum
1088 245 1372 304 suspicionem
1389 253 1431 286 et
1455 244 1615 288 crimen
1637 246 1695 289 es-

340 320 511 372 iicient,
548 332 783 382 contraque
808 340 886 367 nos
913 335 1069 380 erunt,
1099 326 1255 368 acriter
1292 339 1620 385 persequamur,
1653 334 1694 367 et

339 401 553 461 quidquid
575 403 757 462 poterit,
781 403 1086 448 detrahamus:
1115 422 1167 448 ne
1193 404 1322 459 illud,
1349 403 1466 464 quod
1489 404 1693 456 Crassus,

340 483 373 524 si
411 483 586 541 quando
625 484 726 538 fiat,
771 483 978 543 perfidia,
1006 501 1092 529 non
1133 484 1316 528 stultitia
1344 485 1433 528 fleri
1476 492 1622 543 putat,
1646 492 1694 525 ut

340 579 478 606 causae
498 580 746 616 noceamus,
765 565 942 608 accidat.
971 567 1082 610 Nam
1106 565 1159 608 ad
1175 582 1387 608 summam
1409 566 1539 607 totius
1557 579 1694 607 causae

341 644 549 702 pertinet,
575 653 721 698 cante,
754 660 809 687 an
845 655 1013 700 contra,
1051 646 1342 688 demonstrata
1369 660 1433 687 res
1463 644 1541 698 sit,
1574 642 1692 702 quod

340 723 477 764 omnis
499 724 705 766 orationis
729 723 902 784 reliqua}
920 724 1012 767 fons
1033 735 1095 768 est
1119 725 1322 768 narratio.

400 804 626 863 Sequitur,
658 814 705 847 ut
732 821 858 848 causa
891 815 1104 864 ponatur,
1138 806 1181 847 in
1212 821 1300 865 quo
1334 803 1566 847 videndum
1602 813 1692 857 est,

339 883 441 942 quid
467 885 508 926 in
530 886 865 929 controversiam
892 887 1047 929 veniat.
1073 888 1181 929 Tum
1201 883 1469 946 suggerenda
1492 893 1591 927 sunt
1620 883 1693 926 fir-

340 974 555 1007 mamenta
580 981 716 1007 causae
738 965 992 1024 conjuncte,
1023 975 1065 1008 et
1089 965 1359 1008 infirmandis
1379 964 1627 1019 contrariis,
1651 973 1693 1005 et

338 1045 422 1087 tuis
443 1044 759 1087 confirmandis.
791 1046 991 1103 Namque
1016 1061 1098 1087 una
1130 1046 1172 1088 in
1197 1045 1336 1088 causis
1363 1046 1472 1088 ratio
1495 1043 1691 1104 quaedam

337 1134 398 1167 est
417 1125 507 1182 ejus
528 1124 754 1179 orationis,
787 1140 880 1183 quae
904 1123 957 1166 ad
981 1124 1249 1184 probandam
1273 1123 1690 1184 argumentationem

339 1204 462 1248 valet.
500 1208 561 1248 Ea
595 1215 738 1247 autem
770 1214 811 1247 et
841 1204 1213 1248 confirmationem
1242 1214 1285 1247 et
1313 1204 1691 1263 reprehensionem

338 1286 511 1345 quaerit3
531 1286 602 1328 sed
622 1286 723 1344 quia
742 1301 879 1344 neque
899 1284 1179 1344 reprehendi,
1197 1300 1291 1344 quae
1305 1293 1456 1327 contra
1474 1282 1690 1333 dicuntur,

336 1376 538 1425 possunt,
572 1366 652 1408 nisi
672 1375 746 1408 tua
772 1364 1016 1418 confirmes,
1040 1382 1179 1424 neque
1197 1365 1288 1408 haee
1309 1364 1580 1420 confirmari,
1607 1364 1688 1406 nisi

338 1445 409 1489 illa
432 1444 741 1506 reprehendas,
771 1443 932 1487 ideirco
955 1445 1042 1488 haec
1071 1455 1114 1488 et
1136 1455 1313 1498 natura,
1350 1454 1393 1488 et
1420 1443 1627 1499 utilitate,
1651 1453 1692 1486 et

336 1527 587 1568 tractatione
610 1524 838 1583 conjuncta
858 1534 969 1567 sunt.

397 1606 556 1648 Omnia
576 1616 720 1649 autem
745 1604 1041 1648 concludenda
1066 1604 1318 1664 plerumque
1338 1605 1466 1648 rebus
1484 1605 1692 1664 augendis

336 1684 398 1728 vel
422 1685 729 1730 inflammando
746 1686 910 1747 judice,
928 1685 995 1728 vel
1017 1684 1256 1745 mitigando
1275 1701 1284 1727 :
1308 1686 1537 1743 omniaque
1556 1701 1690 1743 quum

334 1767 625 1825 superioribus
660 1768 866 1810 orationis
893 1765 1015 1822 locis,
1049 1776 1139 1809 tum
1175 1765 1357 1807 maxime
1384 1773 1600 1819 extremo,
1638 1764 1689 1807 ad

334 1855 498 1889 mentes
537 1847 734 1906 judicum
776 1864 905 1907 quam
948 1847 1133 1890 maxime
1172 1845 1509 1906 permovendas,
1558 1854 1599 1888 et
1638 1844 1690 1888 ad

335 1924 567 1969 utilitatem
587 1937 777 1970 nostram
798 1926 1013 1971 vocandas
1027 1961 1038 1981 ,
1059 1925 1315 1970 eonferenda
1341 1935 1454 1968 sunt.

399 2007 551 2066 Neque
580 2024 680 2052 sane
705 2008 794 2068 J'am
823 2024 950 2051 causa
986 2006 1158 2050 videtur
1177 2022 1291 2059 esse,
1316 2022 1394 2049 cur
1421 2022 1691 2050 secernamus

334 2101 381 2129 ea
407 2097 618 2146 praecepta
635 2121 646 2143 ,
665 2104 758 2147 quae
774 2087 825 2130 de
849 2087 1123 2130 suasionibus
1141 2085 1347 2130 tradenda
1369 2094 1488 2140 sunt,
1512 2095 1585 2129 aut
1601 2085 1692 2128 lau-

335 2165 611 2210 dationibus:
643 2177 744 2210 sunt
768 2168 882 2210 enim
911 2166 1115 2227 pleraque
1145 2166 1406 2209 communia.
1433 2164 1516 2208 Sed
1550 2174 1690 2207 tamen

335 2246 512 2289 suadere
536 2245 722 2306 aliquid,
758 2256 832 2290 aut
858 2245 1122 2300 dissuadere,
1154 2246 1412 2306 gravissimae
1443 2245 1549 2287 mihi
1574 2244 1691 2288 vide-

335 2335 406 2369 tur
432 2342 520 2369 esse
537 2342 740 2385 personae.
766 2328 879 2370 Nam
904 2336 946 2370 et
973 2326 1177 2386 sapientis
1199 2334 1283 2381 est,
1310 2323 1537 2367 eonsilium
1562 2323 1693 2384 expli-

334 2422 432 2450 care
456 2422 582 2449 suum
612 2405 665 2449 de
687 2407 882 2450 maximis
909 2406 1062 2462 rebus3
1086 2415 1129 2449 et
1155 2405 1348 2460 honesti,
1377 2414 1420 2447 et
1449 2403 1624 2457 diserti,
1645 2414 1692 2447 ut

338 2496 480 2531 mente
497 2486 746 2547 providere,
771 2489 1028 2531 auctoritate
1058 2486 1265 2546 probare,
1291 2485 1486 2528 oratione
1515 2499 1691 2543 persua-

337 2568 435 2611 dere
460 2567 606 2627 possit.
