1843 3166
588 197 986 233 ADNOTATIONES.
1390 203 1461 250 287

168 272 223 306 M.
261 270 451 309 Antonius.
481 273 618 308 Orator
654 273 806 308 eximius
816 286 827 318 3
859 279 966 308 natus
994 284 1025 308 a.
1062 273 1108 308 U.
1136 274 1175 308 C.
1212 275 1306 321 611,
1337 279 1463 326 Appio

117 332 294 376 Pulchro,
315 340 350 368 et
374 335 419 379 Q.
445 333 590 368 Caecilio
610 334 839 377 consulibus;
865 332 912 367 de
932 345 1008 380 quo
1026 331 1136 379 plura
1162 335 1319 372 subinde
1344 337 1400 374 his
1425 339 1461 375 in

115 392 217 427 libris
242 401 460 437 occurrunt,
490 399 525 428 et
554 393 736 440 praecipue
755 393 792 427 in
819 393 956 436 Bruto,
977 404 1107 428 mvn
1120 419 1130 438 ,
1150 394 1195 430 de
1222 397 1326 442 cujus
1344 406 1464 434 morte

114 453 199 489 vide
216 455 263 489 de
293 456 471 496 Oratore,
500 465 567 499 111,
589 453 622 488 3.
642 455 776 488 Faus-r.

170 514 207 549 C.
232 514 347 550 Cotta.
367 516 406 550 C.
426 513 593 549 Aurelius
612 513 739 556 Cotta,
768 513 914 548 dicendi
935 512 1045 548 laude
1070 520 1261 560 praestans,
1286 515 1342 550 his
1366 524 1459 552 tem-

113 574 268 620 poribus
279 575 385 622 petiit
398 574 627 609 tribunatum
639 600 649 618 ,
663 580 698 609 et
717 574 896 617 obtinuit,
911 586 930 608 a
945 586 1038 621 quo,
1057 581 1142 621 post
1160 574 1279 610 Crassi
1295 584 1461 621 mortem,

114 646 179 680 per
199 634 373 669 invidiam
393 634 560 681 equitum
579 634 772 682 depulsus,
790 634 902 669 immo
924 634 1070 669 civitate
1089 633 1224 670 deinde
1243 635 1380 681 ejectus
1398 644 1460 672 est.

112 695 241 730 Postea
259 701 382 729 tamen
404 695 531 730 consul
552 706 583 730 a.
604 696 650 731 U.
670 695 804 742 C.679.
821 696 947 739 Quum
965 694 1017 729 illi
1039 695 1208 730 decretus
1227 703 1318 731 esset
1330 696 1462 732 trium-

111 755 222 801 phus,
241 763 412 791 mortuus
432 762 484 791 est
507 762 589 791 ante
615 756 711 791 diem
731 755 928 803 triumphi,
948 763 991 790 ut
1007 756 1120 791 refert
1137 757 1319 792 Asconius
1336 757 1384 792 ad
1403 758 1463 792 Pi-

110 815 299 851 sonianam
312 842 322 860 ,
347 828 463 863 quum
482 816 632 851 cicatrix
650 816 810 852 vulneris
822 844 832 861 ,
852 816 957 863 quod
976 822 1059 851 ante
1077 817 1202 863 plures
1221 829 1336 852 annos
1357 830 1462 853 aece-

109 882 234 921 perat,
263 876 395 912 rescisa
433 884 525 912 esset
557 884 720 924 repente.
758 878 814 912 De
848 889 924 924 quo
959 877 1118 924 plurima
1147 878 1320 923 inferius,
1351 886 1386 915 et
1423 879 1462 914 in

109 936 241 980 Bruto,
261 950 317 972 LV.
337 939 470 972 Pacsr.

159 999 205 1032 P.
230 998 422 1045 Sulpicius.
444 997 576 1043 Cujus,
597 997 635 1032 in
657 999 790 1040 Bruto,
815 996 955 1032 Tullius
973 997 1122 1032 dicendi
1136 998 1379 1035 characterem
1391 999 1460 1035 de-

108 1057 234 1092 scribit
247 1084 256 1102 ,
277 1065 329 1101 et,
349 1058 418 1093 sub
437 1058 582 1092 initium
595 1059 659 1093 lib.
683 1070 733 1093 111
753 1059 800 1093 de
824 1059 998 1100 Oratore,
1018 1059 1201 1094 funestam
1218 1067 1375 1096 mortem
1393 1060 1461 1096 de-

107 1118 241 1165 plorat.
261 1118 356 1153 Vide
375 1119 414 1153 in
432 1120 565 1162 Bruto,
590 1131 653 1153 xm
668 1145 678 1163 ,
696 1131 792 1154 nu.
813 1120 949 1155 Paos-r.

160 1180 246 1215 Cn.
272 1180 375 1215 VIII.
406 1180 607 1214 vaocare
635 1180 827 1227 improbos.
855 1179 913 1214 Sic
942 1191 1068 1215 omnes
1096 1180 1275 1216 editiones
1300 1187 1460 1225 veteres,

106 1245 280 1286 recteque
296 1240 372 1285 jam
390 1251 460 1286 pro
480 1241 638 1287 integros
656 1239 815 1274 restituit
833 1239 1023 1285 Pearcius;
1048 1240 1153 1287 quod
1172 1248 1293 1276 tamen
1317 1254 1336 1277 e
1350 1242 1459 1277 codd.

108 1301 228 1344 venit;
253 1312 337 1335 nam
356 1307 392 1335 et
418 1301 492 1336 Erl.
512 1300 563 1336 sic
581 1300 702 1334 habet.
730 1301 888 1344 Ernest.,
908 1300 967 1335 cui
986 1301 1180 1336 assentitur
1199 1303 1343 1337 Schiitz.
1367 1304 1463 1337 Con-

108 1366 163 1395 tra
183 1361 365 1395 Gruterus
380 1373 392 1394 :
420 1362 598 1408 integros,
618 1360 762 1407 inquit,
783 1361 871 1395 Pall.
900 1361 1070 1396 meliores
1089 1373 1109 1396 a
1136 1374 1250 1397 manu
1266 1362 1402 1408 prima,
1426 1370 1462 1397 et

108 1420 284 1455 Gallicani
303 1420 379 1455 duo
391 1448 400 1465 ,
421 1428 456 1456 et
473 1421 620 1455 videtur
637 1420 696 1454 hic
713 1421 836 1454 locum
846 1432 952 1454 suum
970 1421 1107 1455 habere
1126 1422 1283 1466 debere;
1301 1421 1462 1469 ideoque

108 1481 198 1526 ejeci
215 1481 391 1517 hactenus
409 1482 598 1529 vulgatum
617 1481 801 1528 improbos
815 1507 826 1523 ,
852 1493 982 1516 vocem
1000 1481 1125 1526 nihili,
1150 1482 1210 1517 hic
1232 1483 1444 1529 praesertim.

1194 1543 1261 1577 En.
1284 1544 1382 1577 Len.

158 1603 314 1645 Forum,
347 1603 541 1643 subsellia,
578 1609 721 1642 rostra,
756 1601 974 1647 curiamque.
1002 1602 1047 1635 In
1075 1603 1171 1636 Foro
1199 1602 1261 1647 jus
1290 1602 1461 1637 dicebant

105 1668 299 1709 praetores,
319 1669 354 1697 et
372 1662 514 1707 judices
533 1661 579 1696 ab
604 1660 647 1695 iis
667 1659 764 1705 dati3
783 1660 882 1694 unde
903 1672 1018 1696 causae
1038 1661 1201 1696 forenses
1222 1662 1460 1708 appellaban-

106 1729 194 1758 tur:
228 1722 407 1757 Subsellia
432 1734 507 1757 esse
543 1721 801 1765 tribunorum,
830 1720 1128 1766 triumvirorum,
1157 1729 1398 1769 quaestorum,
1425 1730 1461 1758 et

107 1783 264 1818 aliorum
293 1782 436 1817 minora
458 1781 599 1829 judicia
625 1781 892 1825 exercentium,
917 1782 1044 1816 scribit
1069 1782 1250 1817 Asconius
1270 1795 1278 1817 ε
1304 1783 1458 1826 Rostra,

106 1845 209 1879 locus
240 1850 335 1888 erat,
366 1856 410 1878 ex
438 1855 513 1890 quo
537 1842 710 1877 dicebant
734 1849 900 1877 oratores
922 1842 969 1877 ad
993 1844 1174 1890 populum
1198 1857 1206 1878 :
1236 1843 1364 1886 Curia,
1394 1844 1461 1878 ubi

107 1912 294 1940 senatores
315 1911 350 1939 et
378 1904 534 1939 civitatis
552 1903 738 1950 principes
768 1903 814 1938 de
839 1902 1030 1950 republica
1048 1903 1337 1939 administranda
1365 1904 1460 1939 inter

106 1978 144 2001 se
163 1966 330 2014 agebant.
348 1967 479 2002 Pnnsw.

158 2027 243 2062 Cn.
261 2028 310 2062 X.
339 2027 468 2072 Quid?
495 2028 594 2074 leges
611 2033 772 2068 veteres,
794 2038 984 2074 moresque
1001 2026 1191 2071 majorum.
1214 2026 1374 2062 Scaevola
1392 2025 1459 2061 de—

107 2088 236 2131 clarat,
258 2089 354 2135 leges
373 2100 450 2122 non
463 2100 509 2122 ex
527 2087 738 2134 eloquentia
762 2086 942 2127 inventas.
962 2094 997 2122 et
1025 2087 1189 2135 cognitas
1201 2115 1210 2130 ‚
1237 2094 1273 2122 et
1292 2086 1456 2135 explica-

107 2155 161 2183 tas
187 2148 319 2192 fuisse,
341 2148 514 2195 exemplis
540 2155 730 2183 oratorum
759 2149 903 2192 Galbae,
927 2148 1066 2183 AEmilii
1083 2148 1236 2195 Lepidi,
1262 2147 1459 2192 Carbonis,

108 2215 144 2244 et
171 2208 330 2243 aliorum
355 2209 574 2252 multorum,
601 2208 664 2256 qui
693 2207 824 2243 summi
857 2215 1022 2244 oratores
1054 2209 1205 2243 fuerunt
1231 2208 1309 2244 sine
1335 2209 1458 2256 legum

108 2270 258 2306 scientia
283 2282 292 2304 z
318 2270 420 2317 Serg.
444 2270 576 2314 Galba,
596 2269 746 2318 grandis
760 2296 769 2314 ,
788 2275 824 2303 et
842 2281 944 2315 paene
963 2270 1124 2318 tragicus
1147 2277 1290 2314 orator,
1309 2269 1379 2304 fuit
1398 2269 1458 2303 in-

109 2331 220 2380 genio
251 2331 342 2373 acri,
369 2338 406 2365 et
433 2330 607 2374 incitato;
627 2331 731 2376 cujus
755 2337 876 2364 tamen
900 2330 962 2365 illa
989 2343 1114 2375 mens,
1145 2343 1226 2378 quae
1254 2330 1338 2365 viva
1366 2341 1458 2364 voce

109 2391 294 2437 spirabat,
321 2391 359 2425 in
378 2390 522 2437 scriptis
547 2391 708 2440 elanguit
736 2404 744 2426 z
772 2392 823 2425 M.
845 2390 966 2426 AEmil.
988 2391 1170 2438 Lepidus,
1198 2391 1263 2438 qui
1285 2397 1337 2426 est
1362 2391 1457 2424 Por—

110 2451 191 2487 cina
209 2451 349 2495 dictus,
370 2451 498 2486 iisdem
516 2452 762 2499 temporibus,
785 2451 921 2498 quibus
940 2452 1057 2487 Galba
1074 2452 1163 2497 fuit,
1183 2452 1245 2487 sed
1263 2453 1375 2498 paulo
1389 2450 1459 2484 mi-

113 2524 181 2547 nor
198 2520 306 2557 natu,
333 2520 369 2547 et
389 2525 550 2547 summus
577 2520 704 2548 orator
725 2513 872 2547 habitus
891 2519 944 2548 est
957 2540 967 2557 ,
989 2520 1100 2560 atque
1126 2514 1215 2557 fuit,
1239 2519 1280 2547 ut
1305 2517 1458 2558 apparet

111 2585 156 2607 ex
184 2573 263 2619 ejus
293 2573 523 2609 orationibus
554 2574 681 2619 editis,
711 2573 869 2620 scriptor
898 2585 984 2609 sane
1008 2574 1132 2610 bonus
1162 2588 1170 2609 :
1202 2575 1266 2609 Cn.
1294 2572 1458 2619 Papirius
