1843 3166
329 192 398 234 146
842 195 907 229 DE
938 195 1171 230 ORATORE

326 276 368 318 in
383 292 599 320 concursu
621 277 848 321 hominum
862 312 873 330 ,
896 280 938 322 in
957 279 1130 322 civitate
1143 312 1154 333 ‚
1181 279 1224 320 in
1244 276 1336 320 soro
1350 276 1546 320 accidere
1563 279 1687 321 mire-

325 372 435 412 mur,
463 374 598 416 quum
623 359 767 418 agitur
795 374 880 401 non
907 358 1046 401 solum
1074 359 1235 419 ingenii
1264 357 1397 400 nostri
1429 358 1688 400 existimatio

324 442 456 497 (nam
479 436 522 480 id
544 448 655 481 esset
677 437 832 493 levius-3
854 455 1125 498 quanquam,
1153 454 1287 498 quum
1313 436 1531 496 professus
1551 437 1628 493 sis,
1650 446 1690 480 te

325 515 366 559 id
388 533 512 577 posse
542 517 702 573 facero,
724 518 839 578 quod
864 520 1010 579 pauci,
1035 535 1089 562 nc
1115 518 1157 561 id
1183 517 1358 578 quidem
1381 516 1688 578 negligendum

324 597 436 656 est),
469 597 542 640 scd
568 597 650 641 alia
682 609 783 642 sunt,
813 600 978 659 majora
1009 598 1170 655 multo⁷
1202 598 1327 654 fides,
1357 597 1570 652 officium,
1595 596 1691 639 dili—

325 679 489 737 gentia3
513 679 671 738 quibus
695 679 824 722 rebus
849 679 1052 733 adducti,
1083 680 1212 721 etiam
1242 694 1376 737 quum
1408 676 1692 720 alienissimos

325 757 624 814 defendimus,
647 768 792 801 tamen
811 775 884 801 eos
906 758 1091 814 alienos,
1114 759 1147 801 si
1164 758 1244 818 ipsi
1267 758 1347 800 viri
1368 757 1473 801 boni
1493 756 1692 800 volumus

325 837 474 880 haberi
491 873 502 892 ,
529 839 774 882 existimare
796 855 883 882 non
905 855 1150 898 possumus.

389 917 473 960 Sed
499 928 548 961 ut
570 917 680 974 dixi,
705 935 758 961 ne
778 919 861 962 hoc
882 919 926 961 in
948 918 1071 961 nobis
1091 918 1251 960 mirum
1272 932 1363 959 esse
1386 915 1598 974 videatur,
1620 916 1693 978 qui

325 1007 469 1057 potest
494 1014 586 1040 esse
605 1007 691 1040 tam
712 998 882 1053 fictum,
903 1014 1032 1057 quam
1054 1013 1222 1050 versus,
1246 1012 1375 1056 quam
1396 1012 1546 1053 scena,
1564 1013 1694 1056 quam

325 1075 505 1119 fabulae?
533 1085 677 1119 tamen
709 1077 753 1119 in
782 1077 863 1120 hoc
895 1092 1056 1136 genere
1084 1092 1194 1136 saepe
1230 1077 1320 1136 ipse
1348 1076 1456 1132 vidi,
1483 1093 1618 1136 quum
1644 1093 1694 1120 ex

325 1171 511 1217 persona
535 1156 641 1200 mihi
669 1155 822 1200 ardere
850 1155 964 1200 oculi
986 1156 1174 1200 hominis
1195 1155 1417 1200 histrionis
1443 1155 1696 1199 viderentur

328 1235 554 1297 spondalia
580 1236 654 1280 illa
677 1236 887 1291 dicentis,

380 1360 582 1406 Segregare
598 1359 664 1393 abs
680 1365 715 1393 te
732 1370 857 1402 ausu5‚
874 1364 935 1392 aut
950 1356 1031 1392 sine
1045 1357 1111 1391 illo
1127 1357 1312 1392 Salamina
1326 1356 1502 1405 ingredi?

379 1421 510 1467 Neque
528 1426 725 1466 paternum
742 1419 959 1466 adspectum
975 1430 1012 1453 es
1028 1416 1192 1452 veritus?

330 1531 566 1588 Nunquam
582 1527 705 1572 illum
721 1548 740 1569 (ι
755 1527 1034 1587 adspectum»
1048 1526 1239 1583 dicebat,
1251 1526 1357 1586 quin
1371 1526 1479 1569 mihi
1490 1525 1696 1570 Telamon

331 1609 466 1651 iratus
489 1608 632 1650 furere
652 1606 772 1650 luctu
795 1605 872 1649 filii
893 1606 1129 1649 videretur.
1149 1608 1211 1649 Ut
1231 1605 1347 1648 idem
1367 1606 1526 1649 inflexa
1544 1606 1598 1650 ad
1620 1607 1702 1649 mi-

332 1686 559 1731 serabilem
584 1703 741 1731 sonum
763 1702 893 1743 voce,

385 1825 710 1834 .........
740 1799 859 1843 Quem
883 1804 987 1833 aetate
1006 1804 1132 1834 exacta
1152 1797 1318 1845 indigem

384 1859 561 1894 Liberum
577 1859 763 1903 lacerasti,
782 1859 923 1894 orhasti
943 1858 1156 1903 exstinxsti;
1174 1871 1294 1905 neque
1308 1858 1431 1894 fratris
1446 1857 1562 1904 necis,

382 1922 510 1968 Neque
528 1920 630 1968 gnati
649 1920 725 1967 ejus
744 1920 870 1968 parvi,
891 1920 955 1968 qui
974 1920 1044 1956 tibi
1062 1920 1101 1955 in
1119 1920 1271 1955 tutelam
1289 1926 1344 1955 est
1362 1918 1541 1955 traditus?

334 2028 440 2072 flens
458 2045 506 2072 ac
524 2027 675 2088 lugens
696 2028 839 2072 dicere
861 2027 1101 2072 videbatur.
1119 2029 1229 2086 Quae
1244 2027 1279 2071 si
1298 2026 1369 2070 ille
1387 2027 1566 2084 histrio,
1591 2044 1698 2087 quo-

335 2108 439 2152 tidie
465 2125 601 2168 quum
631 2118 799 2168 ageret,
828 2118 975 2152 tamen
1003 2118 1119 2152 recte
1149 2124 1276 2169 agere
1309 2108 1400 2151 sine
1431 2106 1581 2151 dolore
1610 2125 1698 2152 non

333 2197 529 2248 poterat3
550 2187 684 2247 quid?
701 2190 938 2233 Pacuvium
957 2190 1121 2250 putatis
1136 2190 1180 2232 in
1199 2188 1428 2232 scribendo
1446 2187 1533 2232 leni
1553 2189 1698 2233 animo

335 2284 383 2312 ac
404 2268 584 2311 remisso
608 2267 769 2312 fuisse?
800 2269 914 2312 Fieri
945 2268 1065 2312 nullo
1096 2268 1226 2312 modo
1247 2269 1403 2329 potuit.
1430 2271 1552 2329 Saepe
1582 2269 1698 2312 enim

335 2346 508 2402 audivi,
531 2357 706 2407 poetam
726 2348 890 2392 bonum
916 2349 1136 2392 neminem
1162 2347 1234 2408 (id
1255 2348 1371 2409 quod
1397 2365 1421 2392 a
1445 2349 1698 2393 Democrito

335 2436 377 2469 et
396 2425 578 2470 Platone
603 2428 647 2470 in
673 2429 845 2489 scriptis
865 2427 1065 2472 relictum
1092 2445 1183 2472 esse
1210 2427 1390 2489 dicunt)
1418 2428 1510 2472 sine
1531 2428 1698 2472 inflam-

333 2507 525 2549 matione
536 2508 780 2551 animorum
796 2510 1000 2553 exsistere
1015 2526 1164 2570 posse,
1186 2519 1228 2553 et
1241 2510 1334 2553 sine
1346 2508 1534 2569 quodam
1550 2507 1697 2553 afflatu

334 2586 456 2643 quasi
485 2584 655 2629 furoris.
