1843 3166
345 151 415 185 232
845 148 909 182 DE
940 147 1171 182 ORATORE

343 234 409 278 vel
428 235 702 288 suavitatem,
726 231 789 275 vol
819 233 1008 291 copiam3
1034 247 1159 290 quem
1185 228 1360 289 quidem
1385 238 1511 271 antea
1539 237 1692 271 natura

344 314 467 357 rebar
488 314 543 356 ita
569 313 728 366 diem-0,
756 321 802 354 ut
824 312 928 354 milii
954 328 1039 354 non
1063 309 1199 353 solum
1220 319 1366 352 orator
1386 324 1598 363 summus,
1620 307 1692 350 sed

346 395 472 437 etiam
491 394 829 454 sapientissimus
850 393 980 434 homo
1004 391 1219 434 viderere:
1250 406 1363 432 nunc
1379 387 1596 446 intelligo,
1623 386 1693 430 illa

346 485 387 518 te
425 492 592 534 semper
628 475 754 517 ctiam
790 474 957 533 potiora
996 471 1186 526 duxisse,
1223 486 1317 529 quae
1352 468 1405 512 ad
1439 468 1693 527 sapientiam

346 564 610 616 spectarent,
640 564 767 613 atque
795 570 845 596 ex
864 553 930 595 his
959 552 1069 595 hanc
1103 550 1272 593 dicendi
1309 549 1476 609 copiam
1509 547 1693 591 fluxisse.

347 635 430 679 Sed
463 644 625 689 tamen,
662 650 795 692 quum
822 648 969 675 omnes
999 630 1156 691 gradus
1189 630 1323 673 aetatis
1362 628 1564 672 recordor
1594 637 1696 682 tuae,

349 730 568 774 quumque
598 713 730 755 vitam
759 721 874 754 tuam
899 727 947 753 ac
978 709 1118 752 studia
1143 708 1367 752 considero
1393 725 1402 751 :
1431 725 1586 767 neque,
1612 724 1697 768 quo

351 804 540 853 tempore
579 793 657 835 ista
685 791 904 845 didiceris,
944 789 1091 844 video,
1128 805 1204 832 nec
1238 805 1498 849 magnopere
1537 798 1576 831 te
1605 789 1697 831 istis

351 873 523 928 studiis,
549 872 818 925 hominibus,
840 869 980 923 libris,
1010 867 1205 927 intelligo
1227 867 1432 911 deditum.
1462 869 1613 927 Neque
1633 877 1697 910 ta-

350 971 449 997 men
480 970 653 1013 possum
677 961 884 1006 statuere,
911 960 1058 993 utrum
1082 949 1217 1009 magis
1241 949 1391 1001 mirer,
1421 957 1461 991 te
1492 946 1583 1001 illa,
1606 963 1700 1006 quae

351 1035 455 1076 mil-‚i
480 1032 710 1094 persuades
736 1032 919 1075 maxima
943 1047 1032 1074 esse
1056 1029 1321 1089 adjumenta,
1338 1028 1525 1088 potuisse
1547 1028 1591 1069 in
1618 1027 1700 1070 tuis

351 1114 479 1156 tantis
507 1111 862 1173 occupationibus
894 1110 1160 1171 perdiscere3
1192 1125 1267 1166 an,
1300 1109 1334 1151 si
1370 1124 1457 1151 non
1487 1107 1701 1168 potueris,

352 1209 473 1253 posse
500 1193 581 1235 isto
601 1191 730 1235 modo
755 1191 908 1234 dicere.

412 1274 566 1316 —Hic
581 1274 779 1328 Crassus,
794 1275 885 1314 Hoc
909 1271 1005 1327 tibi,
1030 1270 1190 1330 inquit,
1207 1268 1376 1325 Catule,
1398 1270 1583 1329 primum
1611 1284 1704 1328 per-

354 1352 530 1395 suadeas
563 1351 712 1405 velim,
742 1367 809 1393 me
844 1367 930 1393 non
965 1349 1100 1393 multo
1139 1366 1258 1393 secus
1286 1349 1444 1402 facere,
1478 1365 1613 1409 quum
1651 1348 1703 1391 de

355 1441 524 1475 oratore
551 1431 785 1490 disputem,
807 1447 856 1474 ac
876 1430 1078 1486 facerem,
1105 1431 1140 1473 si
1158 1439 1268 1473 esset
1286 1429 1391 1472 mihi
1420 1428 1472 1472 de
1497 1429 1705 1472 histrione

355 1511 597 1554 dicendum.
613 1513 829 1570 Negarem
842 1511 975 1564 enim,
992 1526 1114 1569 posse
1126 1526 1225 1553 eum
1239 1509 1483 1553 satisfacere
1499 1510 1542 1551 in
1560 1518 1679 1569 gestu
1693 1543 1704 1564 ,

355 1591 435 1633 nisi
462 1589 722 1649 palaestram,
751 1589 833 1631 nisi
856 1587 1010 1631 saltare
1034 1588 1250 1631 didicisset
1275 1605 1284 1631 :
1312 1605 1476 1648 neque,
1497 1605 1546 1631 ea
1570 1605 1706 1648 quum

356 1671 561 1722 dicerem,
586 1687 653 1713 me
671 1686 760 1713 esse
786 1670 1040 1712 histrionem
1064 1685 1234 1712 necesse
1268 1678 1396 1725 esset,
1423 1668 1497 1712 sed
1531 1668 1707 1712 fortasse

359 1767 446 1793 non
471 1749 650 1793 stultum
675 1749 803 1792 alieni
829 1749 998 1792 artificii
1023 1749 1371 1792 existimatorem.

421 1829 625 1872 Similiter
658 1846 774 1872 nunc
803 1828 854 1882 de
891 1839 1081 1883 oratore,
1116 1838 1256 1871 vestro
1296 1828 1508 1888 impulsu,
1538 1827 1707 1888 loquor,

358 1926 524 1953 summo
551 1908 722 1951 scilicet.
756 1910 935 1967 Semper
961 1910 1096 1963 enim,
1131 1924 1403 1967 quacumque
1438 1909 1492 1952 de
1516 1918 1607 1952 arte
1633 1918 1709 1952 aut

359 1988 561 2033 facultate
588 1989 811 2047 quaeritur,
838 1987 889 2029 de
918 1986 1114 2030 absoluta
1144 1996 1184 2030 et
1212 1987 1400 2047 perfecta
1425 1989 1558 2047 quaeri
1587 1988 1706 2033 solet.

360 2070 506 2125 Quare
531 2068 564 2111 si
596 2068 686 2126 jam
708 2082 776 2109 me
802 2065 931 2109 vultis
957 2083 1046 2109 esse
1074 2076 1311 2122 oratorem,
1335 2069 1369 2111 si
1395 2069 1523 2112 etiam
1549 2078 1611 2113 sat
1637 2070 1712 2114 ho-

364 2165 485 2203 num,
510 2148 543 2191 si
576 2148 737 2190 bonum
766 2146 976 2205 denique,
1010 2163 1098 2190 non
1133 2149 1384 2208 repugnabo
1415 2165 1423 2191 :
1459 2149 1566 2209 quid
1596 2151 1709 2193 enim

364 2245 478 2271 nunc
494 2228 571 2271 sim
590 2226 788 2287 ineptus?
811 2227 867 2269 ita
885 2243 952 2269 me
967 2228 1201 2271 existimari
1221 2228 1322 2271 scio.
1348 2229 1479 2284 Quod
1494 2231 1526 2272 si
1549 2231 1607 2273 ita
1624 2240 1708 2285 est,

364 2324 554 2351 summus
581 2317 723 2350 tamen
741 2316 854 2349 certe
878 2323 965 2350 non
996 2324 1103 2350 sum.
1128 2309 1282 2367 Neque
1304 2309 1417 2351 enim
1441 2310 1555 2369 apud
1573 2311 1710 2353 homi-

366 2404 439 2430 nes
465 2404 531 2430 res
547 2396 608 2429 est
623 2385 710 2429 ulla
726 2385 956 2442 difficilior,
980 2404 1119 2447 neque
1142 2388 1292 2447 major,
1317 2405 1455 2449 neque
1475 2405 1568 2449 quae
1586 2389 1710 2450 plura

365 2467 612 2527 adjumenta
637 2465 840 2509 doctrinae
865 2466 1088 2511 desideret.

430 2550 648 2603 Attamen,
664 2547 869 2605 quoniam
894 2546 945 2589 de
965 2557 1135 2591 oratore
1160 2548 1282 2591 nobis
1300 2547 1606 2608 disputandum
1627 2558 1710 2606 est,
