1843 3166
702 202 845 236 LIBER
875 202 943 237 111.
1428 218 1502 257 ης,

148 285 298 341 nibus,
339 282 584 344 philosophi
624 282 916 343 eloquentiam
962 284 1270 345 despexerunt,
1309 300 1500 336 oratores

148 366 430 426 sapientiam3
467 378 608 422 neque
642 363 879 423 quidquam
913 380 963 408 ex
993 364 1169 409 alterius
1197 377 1318 426 parte
1349 372 1502 431 tetige-

148 456 275 500 runt,
309 446 389 488 nisi
414 443 530 504 quod
556 441 615 485 illi
639 443 692 486 ab
717 443 807 499 his,
834 454 908 488 aut
928 446 981 488 ab
1006 444 1088 489 illis
1109 446 1153 488 hi
1178 456 1501 504 mutuarentur3

148 542 198 569 ex
220 542 307 585 quo
326 524 568 585 promiscue
589 523 833 580 haurirent,
857 526 891 568 si
916 541 1089 569 manere
1114 526 1157 568 in
1180 527 1361 586 pristina
1389 544 1504 572 com-

148 607 353 648 munione
372 602 620 646 voluissent.

210 684 313 740 Sed,
343 692 389 726 ut
410 683 634 744 pontifices
654 693 840 742 veteres,
867 695 1044 746 propter
1066 686 1374 732 sacrificiorum
1394 689 1504 734 mul-

146 765 380 808 titudinem
406 774 490 807 tres
514 764 628 808 viros
652 765 858 826 epulones
884 783 974 810 esse
999 766 1254 823 voluerunt,
1279 786 1413 828 quum
1437 786 1502 814 es-

146 855 239 888 sent
260 845 338 905 ipsi
361 862 384 888 a
409 846 572 900 Numa,
598 854 645 888 ut
664 846 792 889 etiam
818 846 923 890 illud
948 846 1150 890 ludorum
1171 847 1347 908 epulare
1372 851 1502 893 sacri-

142 924 294 968 ·ficium
321 924 532 983 facerent,
570 927 786 970 instituti:
822 927 882 969 sic
909 927 1117 970 Socratici
1149 944 1171 971 a
1203 944 1247 971 se
1275 945 1501 973 causarum

147 1014 312 1048 actores
351 1016 392 1049 ct
430 1022 452 1049 a
492 1007 712 1051 communi
746 1004 1028 1067 philosophiae
1065 1008 1239 1051 nomine
1278 1025 1502 1069 separave-

146 1094 277 1140 runt,
307 1102 440 1145 quum
464 1096 625 1130 veteres
649 1085 817 1130 dicendi
842 1095 883 1128 et
909 1085 1174 1147 intelligendi
1195 1089 1422 1133 mirificam
1440 1106 1503 1133 so-

148 1164 343 1208 cietatem
363 1182 451 1210 esse
471 1167 716 1211 voluissent.
733 1165 740 1202 9

209 1247 302 1289 XX.
340 1247 450 1304 Quae
479 1263 611 1306 quum
639 1249 696 1291 ita
722 1248 805 1291 sint
823 1282 833 1302 ,
860 1246 1102 1308 paullulum
1126 1248 1326 1308 equidem
1355 1248 1408 1293 de
1432 1267 1500 1294 me

147 1324 424 1385 deprecabor,
447 1336 489 1369 et
507 1336 650 1386 petam
673 1343 696 1370 a
718 1328 855 1383 vobis,
882 1336 928 1370 ut
949 1344 1016 1384 ea,
1043 1345 1138 1388 quae
1158 1329 1320 1385 dicam,
1346 1346 1433 1373 non
1450 1330 1503 1373 de

146 1415 305 1448 memet
339 1406 451 1465 ipso,
492 1406 564 1449 sed
597 1407 648 1449 de
678 1416 848 1450 oratore
881 1407 1022 1451 dicere
1051 1409 1223 1468 putetis.
1265 1411 1358 1468 Ego
1389 1409 1503 1452 enim

145 1501 239 1528 sum
272 1486 329 1540 is,
372 1486 470 1544 qui,
511 1502 646 1545 quum
681 1502 849 1529 summo
887 1486 1029 1530 studio
1070 1488 1204 1546 patris
1238 1488 1280 1530 in
1316 1490 1504 1549 pueritia

139 1564 297 1608 'doctus
333 1580 491 1621 essem,
533 1575 575 1608 et
612 1566 655 1608 in
690 1565 831 1608 forum
868 1565 1028 1624 ingenii
1064 1574 1253 1622 tantum,
1293 1577 1503 1626 quantum

138 1645 238 1704 ‘ipse
258 1645 419 1697 sentio,
445 1661 533 1688 non
552 1652 971 1703 tantum,quantum
992 1644 1082 1703 ipse
1104 1643 1283 1688 forsitan
1301 1645 1422 1689 vobis
1439 1647 1503 1689 vi-

138 1706 270 1780 ⁷dear,
291 1722 558 1780 detulissem,
584 1740 672 1767 non
695 1725 855 1784 possim
870 1722 1030 1780 dicere,
1054 1740 1122 1767 me
1143 1724 1252 1780 haec,
1271 1742 1365 1785 quae
1388 1743 1503 1771 nunc

143 1802 429 1863 3001nplect01-‚
457 1803 656 1864 perinde,
684 1813 732 1847 ut
756 1803 893 1846 dicam
916 1802 1119 1847 discenda
1141 1821 1253 1861 esse,
1277 1805 1500 1851 didicisse:

142 1883 309 1943 vquippe
342 1885 416 1943 qui
450 1885 645 1927 omnium
682 1883 934 1927 maturrime
965 1882 1018 1926 ad
1041 1882 1234 1943 publicas
1261 1901 1408 1929 causas
1433 1902 1502 1931 ac-

150 1963 372 2019 cesserim,
413 1979 636 2022 annosque
671 1971 799 2006 natus
833 1978 968 2005 unum
998 1972 1039 2005 et
1068 1963 1248 2023 viginti,
1289 1964 1502 2009 nobilissi-

149 2059 268 2086 mum
302 2044 521 2087 hominem
556 2054 599 2088 et
626 2043 1024 2104 eloquentissimum
1053 2044 1097 2087 in
1127 2045 1340 2104 judicium
1372 2062 1502 2092 voca-

150 2123 252 2178 rim3
274 2124 342 2166 cui
367 2123 591 2184 disciplina
612 2123 742 2167 fuerit
758 2123 923 2179 forum,
945 2124 1150 2184 magister
1167 2141 1290 2182 usus,
1312 2135 1353 2169 et
1371 2125 1503 2187 leges,

150 2212 190 2247 et
214 2203 406 2247 instituta
429 2203 581 2264 populi
606 2205 800 2260 romani,
829 2219 1008 2263 mosque
1032 2205 1259 2265 majorum.

213 2282 413 2327 Paullum
446 2285 592 2328 sitiens
624 2285 805 2328 istarum
834 2284 1014 2339 artium,
1057 2283 1109 2327 de
1144 2285 1300 2344 quibus
1334 2284 1502 2346 loquor,

152 2364 341 2425 gustavi,
383 2373 569 2423 quaestor
603 2365 648 2407 in
682 2364 781 2408 Asia
820 2379 955 2423 quum
986 2379 1147 2421 essem,
1186 2363 1390 2424 aequalem
1419 2365 1504 2409 fere

153 2461 295 2487 meum
311 2460 362 2487 ex
375 2442 605 2487 Academia
619 2444 834 2487 rhetorem
850 2451 1022 2498 nactus,
1041 2443 1342 2487 Metrodorum
1359 2443 1500 2501 illum,

155 2525 206 2568 de
231 2525 352 2585 cujus
378 2525 583 2567 memoria
609 2524 962 2567 commemoravit
980 2524 1219 2578 Antonius,
1245 2532 1286 2566 et
1308 2522 1409 2567 inde
1430 2522 1503 2567 de-

156 2605 329 2661 cedens,
366 2605 547 2649 Athenis
572 2621 581 2647 :
612 2604 685 2648 ubi
720 2620 799 2664 ego
833 2602 994 2647 diutius
1018 2620 1151 2647 essem
1179 2612 1388 2660 moratus,
1421 2603 1503 2647 nisi
