1843 3166
321 248 338 284 l,
834 240 897 274 m:
929 240 990 273 0ss
1003 238 1154 273 ATORF

322 324 563 378 floruerint,
588 341 802 383 quamque
832 322 955 365 multi
981 339 989 364 :
1018 322 1078 364 sie
1105 320 1323 373 facillimo,
1348 328 1505 377 quanta
1531 328 1674 362 orato—

322 421 417 446 rum
443 405 517 458 sit,
540 420 793 463 semperque
817 403 939 445 suerit
967 403 1181 461 paucitas,
1201 399 1425 458 judicabit.

385 486 463 526 lll.
494 485 646 542 Neque
666 484 779 526 enim
803 493 842 524 te
863 482 992 541 sugit,
1011 481 1167 524 artium
1191 479 1384 521 onmium
1407 477 1676 521 laudatarum

325 565 652 623 procreatricem
681 561 919 622 quandam,
949 570 986 604 et
1017 560 1138 619 quasi
1168 568 1389 618 parentem
1413 574 1528 612 eam,
1552 572 1678 615 quam

324 647 576 697 ᾠιλοσοῴιαν
605 644 744 685 (lrzeei
777 650 953 694 vocant,
978 640 1029 682 al)
1058 639 1305 681 hominibus
1329 637 1590 679 doctissimis
1612 637 1681 695 ju-

326 725 481 775 dicari,
508 724 548 765 in
570 739 654 781 qna
680 720 854 764 ‹lislieile
882 730 943 762 est
970 734 1244 773 enumerare,
1268 726 1374 776 quot
1398 717 1497 773 viri,
1524 724 1684 775 quanta

327 804 523 855 scientia,
545 811 791 861 quantaque
817 802 858 842 in
883 801 969 842 suis
987 799 1139 842 studiis
1163 798 1367 840 varietate
1389 806 1426 839 et
1453 796 1575 855 eopia
1598 795 1686 838 fue-

328 886 438 938 rint,
466 883 539 941 qui
575 898 661 924 non
699 897 781 924 una
813 879 953 939 aliqua
987 880 1030 921 in
1066 895 1110 920 re
1143 878 1372 937 separatim
1403 875 1687 929 elaborarint,

329 963 400 1006 sed
426 962 587 1016 omnia,
611 977 877 1020 quoeeunque
901 967 1096 1018 possent,
1122 957 1186 1000 vel
1213 957 1400 1000 scientiae
1423 956 1687 1016 pervestiga—

330 1042 466 1095 tione,
498 1039 562 1083 vel
589 1038 822 1082 disserendi
856 1038 1020 1080 ratione
1046 1035 1467 1095 comprehenderint.

392 1120 500 1175 Quis
531 1120 719 1178 ignorat,
750 1118 799 1171 ii,
827 1118 901 1175 qui
937 1115 1232 1158 mathematici
1265 1123 1500 1168 vocantur,
1531 1123 1692 1172 quanta

331 1201 374 1242 in
405 1198 667 1241 obscuritate
710 1212 875 1250 rerum,
917 1204 959 1238 et
1003 1210 1131 1254 quam
1174 1193 1399 1237 recondita
1430 1194 1473 1235 in
1509 1201 1619 1248 arte,
1652 1202 1695 1235 et

332 1275 584 1335 multiplici,
620 1274 851 1332 subtilique
884 1273 1133 1315 versentur?
1165 1290 1251 1330 quo
1286 1283 1428 1315 tamen
1460 1272 1504 1314 in
1537 1287 1694 1332 genere

335 1359 391 1399 ita
430 1354 554 1398 multi
590 1353 768 1413 perfecti
810 1352 1006 1395 homines
1047 1350 1325 1406 exstiterunt,
1360 1359 1408 1393 ut
1441 1365 1568 1392 nemo
1608 1350 1695 1392 fere

334 1435 546 1479 studuisse
575 1434 611 1476 ei
641 1433 830 1476 scientiae
858 1431 1154 1474 vehementius
1182 1429 1402 1485 videatur,
1427 1430 1551 1488 quin,
1579 1428 1695 1488 quod

337 1515 543 1568 voluerit,
570 1522 826 1556 consecutus
852 1512 919 1554 sit.
947 1511 1058 1567 Quis
1085 1510 1277 1565 musicis,
1303 1510 1399 1569 quis
1427 1509 1528 1551 huie
1554 1508 1698 1551 studio

337 1595 578 1638 litterarum
591 1627 601 1647 ,
618 1592 733 1652 quod
753 1591 1011 1651 profitentur
1026 1591 1077 1645 ii,
1097 1590 1170 1648 qui
1186 1589 1456 1649 grammatici
1472 1598 1698 1643 vocantur,

337 1675 508 1733 penitus
541 1689 584 1715 se
618 1670 800 1726 dedidit,
837 1671 942 1729 quin
976 1686 1149 1712 omnem
1186 1667 1358 1711 illarum
1396 1669 1555 1711 artium
1591 1683 1701 1728 pene

338 1753 553 1796 infinitam
575 1753 663 1795 vim
687 1760 729 1794 et
755 1750 978 1793 materiam
1005 1748 1191 1792 seientiae
1216 1748 1479 1807 cogitatione
1506 1763 1703 1807 eompre-

339 1831 559 1875 henderit?

404 1913 517 1955 Vere
544 1911 650 1954 mihi
676 1911 758 1954 hoe
787 1910 937 1953 videor
962 1926 1052 1953 esse
1082 1909 1295 1963 dicturus,
1323 1924 1375 1950 ex
1404 1907 1605 1949 omnibus
1629 1906 1704 1959 iis,

341 1993 414 2051 qui
452 1992 495 2033 in
529 1991 685 2034 harum
712 1991 872 2033 artium
903 1989 1056 2032 studiis
1094 1986 1401 2031 liberalissimis
1429 1986 1515 2029 sint
1544 1985 1706 2028 doetri-

342 2071 494 2130 nisque
519 2071 697 2125 versati,
728 2070 953 2112 minimam
977 2069 1146 2126 copiam
1176 2075 1404 2126 poetarum
1433 2065 1706 2125 egregiorum

342 2150 564 2194 exstitisse.
594 2151 739 2207 Atque
775 2149 819 2190 in
858 2147 942 2190 hoe
980 2148 1072 2207 ipso
1107 2162 1311 2201 numero,
1340 2145 1383 2187 in
1419 2161 1505 2204 quo
1530 2160 1707 2204 perraro

343 2229 538 2272 exoritur
557 2227 711 2287 aliquis
729 2226 964 2282 excellens,
983 2227 1017 2269 si
1038 2225 1285 2286 diligenter,
1304 2235 1346 2268 et
1369 2241 1418 2267 ex
1438 2234 1707 2278 nostrorum,

285 2307 290 2311 ’
344 2319 386 2352 et
416 2326 467 2351 ex
502 2311 756 2352 Graecorum
784 2307 907 2366 copia
938 2322 1188 2365 comparare
1222 2303 1358 2360 voles,
1391 2303 1531 2347 multo
1565 2313 1708 2346 tamen

346 2389 570 2448 pauciores
595 2397 806 2442 oratores,
834 2403 963 2445 quam
984 2395 1121 2445 poetae
1144 2385 1248 2428 boni
1270 2385 1556 2444 reperientur.

409 2467 542 2524 Quod
566 2468 647 2510 hoe
671 2467 801 2509 etiam
823 2465 1063 2508 mirabilius
1087 2465 1214 2507 debet
1238 2464 1398 2520 videri,
1422 2464 1521 2522 quia
1547 2471 1708 2505 cetera-

348 2565 444 2592 rum
474 2548 633 2590 artium
663 2546 804 2590 studia
834 2546 920 2588 sere
945 2545 1180 2588 reconditis
1214 2554 1343 2603 atque
1373 2543 1530 2586 abditis
1565 2558 1587 2584 e
1615 2541 1710 2584 fon-

351 2628 461 2671 tibus
486 2627 749 2670 hauriuntur
779 2643 787 2668 ε
821 2624 992 2668 dicendi
1021 2634 1165 2667 autem
1189 2624 1328 2667 omnis
1355 2622 1465 2665 ratio
1496 2622 1538 2663 in
1569 2619 1708 2663 medio
