1843 3166
337 153 405 195 23‘.
847 151 911 185 DE
941 150 1171 186 ORATORE

335 254 507 298 operam
543 235 685 290 daret,
718 236 773 291 Q
797 234 1085 277 Tuberonem.
1121 235 1177 278 At
1209 232 1300 293 eJ'us
1325 230 1586 276 avunculum
1613 234 1681 275 vix

338 316 595 377 intelligeres
628 315 669 359 id
702 331 849 376 agere,
883 331 1018 374 quum
1049 323 1196 374 ageret
1227 323 1389 368 tamen,
1416 311 1681 355 Africanum.

337 403 423 443 Ista
447 398 670 441 discuntur
689 394 830 449 filcile,
851 396 884 438 si
903 405 946 438 et
974 404 1141 438 tantum
1158 410 1322 450 sumas,
1342 401 1553 453 quantum
1576 408 1684 452 opus

337 481 410 532 sit,
437 488 478 522 ct
507 478 682 532 habeas,
703 477 777 536 qui
800 475 954 519 docere
982 474 1165 518 fideliter
1187 474 1343 535 possit,
1367 483 1408 516 et
1429 473 1535 516 scias
1558 473 1685 516 etiam

340 561 428 620 ipse
457 559 631 602 discere.

400 640 483 684 Sed
509 641 542 682 si
568 649 656 682 tota
682 639 768 682 vita
792 636 899 681 nihil
928 637 1030 680 velis
1059 636 1176 680 aliud
1202 652 1347 697 agere,
1375 637 1466 696 ipsa
1489 635 1688 679 tractatio

339 731 380 764 et
397 720 574 780 quaestio
599 718 793 778 quotidie
818 734 868 760 ex
894 734 937 761 se
957 718 1096 778 gignit
1119 716 1300 776 aliquid,
1325 715 1441 776 quod
1465 733 1564 760 cum
1581 715 1690 759 desi-

339 801 457 843 diosa
484 798 769 843 delectatione
804 799 1001 858 vestiges.
1029 799 1090 840 lta
1122 797 1194 853 fit,
1220 806 1267 839 ut
1288 797 1523 857 agitatione
1546 813 1689 840 rerum

339 883 392 924 sit
419 881 585 924 infinita
612 879 814 940 cognitio.
853 877 1004 922 Facilis
1038 894 1139 920 usus
1176 877 1419 921 doctrinam
1444 876 1691 931 confirmet,

341 962 568 1005 mediocris
588 976 720 1021 opera
743 960 973 1016 tribuatur,
993 958 1202 1002 memoria
1225 957 1503 1017 studiumque
1527 973 1693 1018 perma-

341 1053 449 1087 neat.
477 1042 603 1085 Libet
623 1051 766 1084 autem
792 1056 960 1100 semper
991 1039 1184 1083 discere:
1207 1049 1254 1082 ut
1277 1040 1311 1082 si
1332 1038 1462 1082 velim
1489 1055 1568 1098 ego
1597 1037 1692 1082 talis

340 1125 499 1184 optimc
524 1122 691 1179 ludere,
729 1132 803 1166 aut
835 1120 930 1182 pilae
957 1120 1100 1165 studio
1123 1130 1298 1175 tenear,
1332 1120 1460 1164 etiam
1493 1119 1692 1174 fortasse,

342 1206 376 1248 si
411 1205 578 1265 assequi
613 1220 701 1247 non
740 1204 920 1264 possim;
954 1212 998 1246 at
1021 1201 1116 1259 alii,
1144 1203 1245 1262 quia
1280 1199 1484 1262 praeclare
1509 1200 1694 1257 faciunt,

342 1287 653 1342 vehementius,
680 1301 809 1345 quam
833 1300 961 1327 causa
994 1283 1205 1343 postulat,
1233 1282 1517 1339 delectantur,
1548 1291 1596 1326 ut
1619 1282 1694 1325 Ti·

346 1367 427 1409 tius
451 1365 555 1425 pila,
584 1363 730 1408 Brulla
753 1363 861 1407 talis.

406 1448 554 1503 Quare
574 1445 681 1489 nihil
696 1455 778 1500 est,
795 1445 911 1505 quod
931 1446 1158 1505 quisquam
1178 1444 1519 1506 magnitudinem
1539 1445 1697 1488 artium

345 1544 395 1570 ex
416 1543 488 1582 eo,
510 1526 627 1585 quod
647 1542 770 1569 senes
792 1525 984 1579 discunt,
1004 1526 1292 1585 pertimescat.
1318 1526 1517 1584 Namque
1539 1534 1613 1568 aut
1637 1541 1698 1567 se-

346 1623 420 1650 nes
440 1606 494 1649 ad
518 1623 587 1650 eas
610 1614 907 1659 accesserunt3
931 1614 1005 1648 aut
1025 1621 1162 1664 usque
1183 1604 1235 1648 ad
1262 1615 1525 1648 senectutem
1549 1606 1592 1648 in
1615 1614 1700 1649 stu-

344 1687 424 1730 diis
445 1687 716 1741 detinentur3
737 1696 811 1729 aut
832 1695 933 1729 sunt
958 1685 1204 1730 tardissimi.
1230 1688 1314 1729 Res
1341 1685 1517 1745 quidem
1538 1701 1581 1728 se
1605 1701 1699 1729 mea

345 1768 554 1811 sententia
577 1768 635 1810 sic
661 1767 809 1823 habet,
843 1776 890 1810 ut
913 1767 995 1810 nisi
1023 1766 1140 1826 quod
1165 1768 1346 1826 quisque
1374 1767 1460 1811 cito
1487 1767 1699 1827 potuerit,

348 1863 567 1906 nunquam
593 1848 771 1890 omnino
791 1848 926 1907 possit
950 1846 1207 1906 perdiscere.

406 1930 569 1971 XXIV.
588 1930 777 1982 ——Ja1n,
794 1929 905 1988 jam,
921 1930 1061 1988 inquit
1080 1927 1279 1984 Catulus,
1299 1927 1512 1988 intelligo,
1526 1931 1699 1985 Crasse,

346 2008 449 2068 quid
470 2008 608 2062 dicas,
632 2018 674 2052 et
698 2008 869 2052 hercule
892 2011 1112 2053 assentior.
1149 2010 1258 2054 Satis
1283 2009 1408 2053 video
1428 2010 1505 2054 tibi
1533 2010 1699 2053 homini

347 2089 399 2131 ad
420 2088 750 2148 perdiscendum
770 2090 1005 2145 acerrimo,
1034 2090 1087 2133 ad
1113 2107 1160 2133 ea
1176 2090 1491 2151 cognoscenda,
1516 2107 1610 2150 quae
1639 2091 1702 2134 di-

349 2169 429 2224 cis,
466 2168 595 2211 fuisse
631 2170 931 2228 temporis.——
951 2171 1174 2231 Pergisne,
1204 2171 1344 2230 inquit
1383 2173 1579 2226 Crassus,
1607 2187 1699 2226 me,

350 2264 443 2307 quae
462 2247 621 2303 dicam,
648 2248 699 2290 de
720 2265 802 2305 me,
831 2266 917 2292 non
936 2249 988 2293 de
1010 2267 1054 2294 re
1075 2260 1227 2310 putare
1251 2250 1417 2294 dicere?
1436 2251 1519 2295 Sed
1531 2251 1642 2310 jam,
1665 2253 1700 2295 si

350 2326 509 2388 placet,
532 2326 584 2370 ad
608 2328 802 2372 instituta
822 2329 1058 2374 redeamus.
1081 2331 1266 2375 —Mihi
1292 2348 1414 2386 vero,
1441 2330 1620 2375 Catulus
1638 2332 1701 2374 in-

351 2409 466 2468 quit,
494 2407 646 2468 placet.

414 2490 601 2531 ——Tum
629 2490 827 2547 Crassus,
867 2492 1090 2548 Quorsum
1119 2494 1251 2554 igitur
1287 2495 1376 2538 haec
1412 2504 1599 2554 spectat,
1637 2495 1702 2538 in-

354 2570 463 2626 quit,
502 2578 588 2612 tam
616 2568 762 2629 longa,
798 2580 838 2614 et
871 2581 956 2614 tam
980 2572 1065 2616 alte
1094 2576 1275 2633 repetita
1306 2574 1466 2618 oratio?
1503 2577 1579 2618 Hae
1608 2574 1702 2618 dua:
