1843 3166
712 196 854 230 LIBER
885 195 949 230 III.
1430 193 1500 230 22²⁸)

131 290 133 292 ·
157 279 271 339 piam
290 278 613 334 tradiderimus,
627 294 714 321 non
729 294 801 322 eos
819 276 993 336 quidem
1011 286 1202 319 oratores
1220 277 1502 333 effecerimus,

152 357 225 402 sed
255 358 499 402 furentibus
522 357 720 417 quaedam
748 373 869 400 arma
894 356 1150 400 dederimus.

214 440 312 482 XV.
337 440 480 492 Hanc,
504 437 701 495 inquam,
722 435 940 496 cogitandi
962 435 1362 495 pronuntiandique
1380 437 1505 479 ratio-

153 534 271 571 nem,
307 518 480 576 vimque
513 515 707 571 dicendi,
732 525 894 559 veteres
929 516 1068 560 Graeci
1096 515 1349 575 sapientiam
1376 517 1508 558 nomi-

155 597 328 640 nabant.
365 597 477 640 Hinc
513 595 574 639 illi
604 597 815 657 Lycurgi,
843 597 944 639 hinc
970 597 1145 651 Pittaci,
1177 596 1279 639 hinc
1312 594 1507 649 Solones,

154 686 282 736 atque
313 677 367 719 ab
403 676 483 720 hac
506 676 789 720 similitudine
819 677 1085 721 Coruncanii
1111 677 1267 733 nostri,
1303 676 1508 729 Fabricii,

151 759 361 813 Catones,
378 758 597 817 Scipiones
627 757 822 811 fuerunt,
850 772 937 800 non
960 767 1044 800 tam
1070 757 1248 800 fortasse
1273 757 1408 813 docti,
1436 756 1509 800 sed

154 837 317 897 impetn
352 838 508 881 mentis
543 836 672 881 simili
709 848 750 880 et
786 837 1018 882 voluntate.
1056 837 1218 882 Eadem
1258 848 1401 881 antem
1437 836 1509 880 alii

152 917 401 977 prudentia,
432 916 504 960 sed
531 917 710 961 consilio
735 917 787 961 ad
820 919 916 961 vitae
941 916 1081 960 studia
1111 917 1292 977 dispari,
1321 918 1508 976 quietem

151 1007 281 1057 atque
298 998 436 1041 otium
456 997 620 1054 secuti,
634 1007 681 1040 ut
701 998 992 1059 Pythagoras,
1015 997 1314 1053 Democritus,
1339 998 1507 1040 Anaxa-

152 1093 279 1137 goras
293 1110 304 1132 ,
325 1093 349 1120 a
377 1076 577 1138 regendis
598 1077 845 1120 civitatibus
871 1086 984 1120 totos
1004 1092 1048 1119 se
1064 1075 1118 1119 ad
1141 1076 1431 1136 cognitionem
1450 1091 1512 1118 re-

152 1173 250 1200 rum
278 1156 614 1201 transtulerunt:
646 1173 740 1216 quae
764 1157 850 1199 vita
873 1166 1048 1216 propter
1073 1154 1448 1215 tranquillitatem,
1469 1164 1512 1197 et

154 1247 333 1297 propter
364 1238 495 1298 ipsius
517 1239 704 1281 scientiae
731 1238 1007 1289 suavitatem,
1032 1253 1116 1296 qua
1147 1234 1254 1279 nihil
1288 1244 1352 1278 est
1377 1235 1513 1277 homi-

155 1318 282 1362 nibus
298 1318 533 1378 jucundius
549 1353 560 1374 ,
588 1318 754 1379 plures,
777 1334 905 1378 quam
928 1316 1032 1360 utile
1052 1317 1132 1360 fuit
1152 1316 1280 1359 rebus
1309 1314 1512 1375 publicis,

155 1397 395 1442 delectavit.

216 1479 389 1537 Itaque,
411 1487 458 1521 ut
486 1478 524 1521 ei
552 1478 696 1521 studio
721 1495 764 1521 se
787 1476 1155 1522 excellentissimis
1178 1476 1359 1537 ingeniis
1383 1475 1516 1519 homi-

159 1574 233 1602 nes
265 1557 546 1615 dediderunt,
582 1576 634 1602 ex
665 1575 714 1602 ea
735 1575 901 1602 summa
934 1556 1139 1601 facultate
1163 1557 1290 1599 vacui
1318 1572 1367 1598 ac
1393 1555 1516 1598 liberi

158 1639 385 1699 temporis,
417 1637 558 1682 multo
589 1637 735 1698 plura,
773 1654 903 1696 quam
938 1646 1028 1680 erat
1057 1651 1248 1689 necesse,
1280 1634 1516 1678 doctissimi

158 1718 374 1774 homines,
397 1718 487 1761 otio
512 1718 646 1761 nimio
663 1727 705 1760 et
728 1717 912 1777 ingeniis
934 1717 1162 1759 uberrimis
1184 1714 1430 1770 affluentes,
1448 1731 1518 1758 cu-

158 1797 295 1841 randa
319 1797 399 1841 sibi
428 1814 538 1853 esse,
567 1814 615 1840 ac
645 1797 876 1857 quaerenda
897 1806 939 1840 ct
963 1794 1263 1857 investiganda
1287 1794 1517 1840 duxerunt.

159 1879 273 1923 Nam
302 1887 427 1921 vetus
450 1877 628 1938 quidem
644 1876 718 1920 illa
743 1877 942 1920 doctrina
965 1876 1114 1920 eadem
1138 1875 1311 1919 videtur
1336 1885 1379 1919 et
1406 1886 1520 1920 recte

158 1957 367 2014 faciendi,
385 1968 428 2001 et
442 1958 552 2001 bene
567 1957 737 2001 dicendi
753 1959 958 2018 magistra
980 1973 1143 2017 :neque
1161 1956 1364 2017 disjuncti
1379 1956 1522 2000 docto-

161 2054 249 2094 res,
275 2038 350 2082 sed
370 2038 504 2081 iidem
527 2048 649 2082 erant
673 2038 841 2081 vivendi
865 2047 1150 2098 praeceptores
1172 2046 1301 2096 atque
1324 2035 1491 2079 dicendi
1510 2054 1520 2080 ε

161 2127 210 2161 ut
238 2117 309 2161 ille
343 2119 460 2178 apud
496 2121 736 2162 Homerum
763 2118 966 2173 Phoenix,
1002 2118 1075 2177 qui
1109 2132 1153 2160 se
1185 2132 1209 2159 a
1234 2115 1363 2160 Peleo
1400 2125 1523 2176 patre

161 2196 322 2242 Achilli
342 2198 491 2258 juveni
524 2199 727 2242 comitem
765 2214 854 2242 esse
882 2197 1030 2241 datum
1054 2197 1159 2241 dicit
1184 2196 1238 2239 ad
1259 2195 1440 2252 bellum,
1476 2206 1525 2239 ut

163 2277 287 2341 illum
303 2277 492 2322 efficeret
507 2298 528 2319 «
539 2288 754 2322 oratorem
768 2278 1001 2321 verborum
1013 2312 1024 2332 ,
1041 2287 1316 2336 actoremque
1337 2293 1524 2320 rerum.»

174 2346 200 2372 '³
228 2357 313 2402 Sed
339 2367 386 2401 ut
408 2358 624 2413 homines,
649 2358 797 2402 labore
820 2357 991 2401 assiduo
1014 2365 1055 2400 et
1074 2356 1327 2417 quotidiano
1351 2358 1524 2412 assueti,

166 2454 304 2498 quum
327 2439 593 2498 tempestatis
610 2455 740 2482 causa
762 2453 892 2498 opere
914 2437 1214 2497 prohibentur,
1240 2436 1293 2480 ad
1310 2435 1439 2496 pilam
1463 2453 1526 2491 se,

165 2527 240 2561 aut
265 2517 318 2561 ad
357 2516 485 2573 talos,
521 2527 598 2560 aut
624 2517 678 2561 ad
703 2527 883 2561 tesseras
912 2516 1163 2573 conferunt,
1198 2526 1274 2560 aut
1295 2516 1424 2559 etiam
1451 2532 1526 2559 no-

165 2612 268 2641 vum
294 2598 375 2641 sibi
407 2597 487 2658 ipsi
513 2596 701 2657 aliquem
725 2597 970 2658 excogitant
998 2597 1041 2639 in
1068 2597 1158 2640 otio
1183 2596 1356 2639 ludum:
1380 2596 1441 2639 sic
1465 2594 1526 2638 illi
