1843 3166
361 241 402 260 Η
876 220 934 251 ius.
963 219 1197 251 ‹urruuuz

362 316 505 341 earum
540 318 632 359 quat
654 304 693 343 in
719 301 856 343 sorum
887 302 1156 354 desti-untur,
1190 302 1339 343 dicans·
1369 316 1496 359 quam
1528 297 1707 340 maxime

362 378 413 422 .ul
436 381 654 423 veritatem
681 381 999 424 accommodate
1030 399 1037 423 :
1072 382 1143 423 sed
1176 380 1364 440 plerique
1400 381 1440 421 iu
1463 379 1542 421 lioc
1564 395 1705 421 vocem

363 459 489 501 modo
505 494 515 513 ‚
538 476 673 519 neque
690 478 783 505 eam
806 462 1001 516 scienter,
1022 471 1062 503 et
1086 462 1193 503 vires
1214 470 1409 502 exercent
1431 476 1547 510 suas,
1567 468 1605 501 et
1628 457 1707 500 liu-

362 555 453 596 guse
473 538 733 583 celeritatem
756 541 955 597 incitant,
979 541 1293 598 verborumque
1312 538 1549 598 frequentia
1571 536 1706 580 delec-

363 628 519 661 tantur.
542 621 591 663 ln
612 638 697 679 quo
719 620 826 664 fallit
846 637 916 664 eos
930 656 941 675 ,
962 620 1077 679 quod
1099 619 1328 662 audierunt
1344 654 1355 673 ‚
1376 618 1558 662 ‹la-endo
1579 618 1706 660 leomi-

361 713 435 742 ηας
448 732 459 754 ,
481 710 526 743 a!
545 700 713 756 (licant,
732 702 902 759 efficere
920 701 1067 745 solere.

423 779 533 822 Vere
553 780 665 822 enim
683 781 811 823 etiam
834 780 939 823 illud
960 781 1131 835 dicitur,
1155 796 1354 842 perverse
1382 779 1542 834 (licere,
1575 780 1710 822 lzomc'-

361 874 456 911 nes,
480 875 680 919 perverse
704 860 887 904 (licendo
903 895 913 916 ‚
928 860 1148 919 ιῘὲιωἸΙιίηθ
1170 860 1388 919 consequi.
1415 859 1709 914 Quamobrem

363 937 405 979 in
427 939 515 980 istis
536 939 637 997 ipsis
657 940 1032 983 exercitationibus
1047 974 1058 995 ,
1084 941 1159 982 etsi
1187 939 1290 982 utile
1311 948 1394 993 est,
1421 939 1547 981 etiam
1568 939 1708 981 subito

362 1033 469 1076 saepe
482 1017 641 1072 (licere,
656 1028 798 1061 tamen
815 1018 920 1061 illud
935 1019 1102 1073 utilius,
1117 1028 1289 1077 sumpto
1304 1020 1442 1077 spatio
1456 1019 1509 1062 ad
1524 1019 1712 1077 cogitan—

361 1095 483 1150 dum,
506 1097 694 1154 paratius
712 1107 841 1155 atque
860 1098 1102 1140 accuratius
1120 1097 1275 1139 dicere.
1299 1102 1440 1157 Caput
1462 1109 1601 1142 autem
1625 1106 1709 1153 est,

361 1174 475 1234 quod
502 1176 573 1235 (ut
593 1193 691 1219 vere
711 1176 872 1235 dicam)
901 1177 1077 1219 minime
1097 1176 1275 1220 facimus
1307 1176 1393 1232 (est
1415 1178 1531 1222 enim
1566 1179 1708 1237 magni

362 1254 537 1310 laboris,
565 1272 692 1314 quem
717 1254 910 1315 plerique
934 1255 1150 1315 fugimus)
1180 1275 1309 1317 quam
1341 1257 1577 1319 plurimum
1609 1259 1711 1300 scri-

362 1334 473 1377 bere.
496 1334 629 1378 Stilus
643 1338 852 1395 omittens,
878 1345 921 1379 et
931 1339 1328 1396 proestantt'ssz'mus
1347 1338 1523 1381 (licendi
1537 1337 1713 1394 effector

362 1429 417 1457 ασ
435 1417 669 1474 rtzaglkter:
691 1431 827 1474 neque
847 1415 1014 1474 injuria.
1035 1416 1149 1463 Nam
1169 1418 1202 1460 si
1223 1418 1409 1461 subitam
1428 1426 1469 1460 et
1490 1415 1709 1460 fortuitam

362 1494 601 1537 orationem
622 1499 926 1541 commentatio
958 1508 999 1542 et
1030 1498 1234 1558 cogitatio
1263 1496 1383 1540 facile
1414 1497 1569 1552 vineit3
1602 1495 1712 1538 hanc

364 1574 498 1634 ipsam
517 1574 708 1633 profecto
730 1575 898 1622 assidua
920 1595 970 1621 ae
990 1577 1173 1638 diligens
1198 1578 1408 1636 scriptura
1429 1577 1659 1636 superabit.

427 1661 591 1703 Omnes
608 1654 720 1700 enim
738 1691 750 1710 ,
764 1658 850 1700 sive
863 1658 966 1700 artis
986 1667 1085 1701 sunt
1098 1656 1200 1713 loci,
1217 1657 1304 1699 sive
1318 1656 1474 1716 ingenii
1491 1656 1711 1715 eujusdam

363 1744 491 1795 atque
512 1736 770 1795 prudentiae,
797 1737 870 1796 qui
891 1737 1020 1780 modo
1042 1738 1188 1781 insunt
1214 1736 1257 1778 in
1277 1752 1325 1779 ea
1345 1753 1407 1793 re7
1429 1736 1480 1779 de
1500 1753 1584 1797 qua
1607 1738 1711 1780 scri-

366 1817 526 1870 bimus,
550 1817 878 1874 anquirentibus
904 1817 1026 1860 nobis
1043 1851 1054 1873 ,
1079 1818 1283 1876 omnique
1311 1818 1400 1859 acie
1431 1817 1588 1876 ingenii
1611 1833 1712 1859 cou-

363 1895 670 1954 temptantibus
690 1896 922 1939 ostendunt
945 1914 988 1940 se
1006 1906 1048 1939 et
1067 1905 1301 1939 occurrunt
1330 1913 1338 1938 :
1360 1912 1593 1955 omnesque
1616 1912 1711 1939 sen-

363 1975 504 2018 tentiae
521 2009 533 2031 ‚
568 1977 782 2035 verbaque
816 1977 961 2019 omnia
976 2010 988 2032 ,
1025 1993 1119 2036 quae
1162 1985 1264 2020 sunt
1300 1976 1508 2035 cujusque
1548 1976 1713 2035 generis

363 2055 546 2097 maxime
566 2053 766 2109 illustria,
786 2056 865 2098 sub
890 2072 1070 2099 acumen
1091 2055 1176 2099 stili
1207 2056 1387 2098 subeant
1411 2064 1452 2098 et
1477 2055 1709 2098 succedant

365 2148 531 2176 necesse
553 2142 618 2175 est
643 2149 653 2175 z
678 2143 771 2176 tum
798 2134 890 2194 ipsa
919 2133 1143 2178 collocatio
1168 2134 1537 2194 conformatioque
1562 2135 1713 2177 verbo-

364 2227 459 2255 rum
488 2211 712 2271 perficitur
735 2213 779 2255 in
812 2213 1063 2264 scribendo,
1089 2230 1174 2257 non
1209 2215 1402 2273 poetico,
1429 2214 1498 2257 sed
1527 2213 1712 2273 quodam

363 2292 551 2334 oratorio
569 2307 749 2334 numero
767 2301 809 2334 et
828 2292 971 2335 modo.

425 2372 524 2412 Haee
544 2381 643 2414 sunt
657 2405 668 2425 ⁷
690 2387 784 2430 quae
806 2371 1013 2416 clamores
1035 2383 1077 2416 et
1094 2373 1396 2417 admirationes
1415 2375 1457 2416 in
1479 2374 1601 2416 bonis
1622 2392 1715 2419 ora-

365 2450 528 2494 toribus
544 2450 764 2505 efficiunt,
786 2467 924 2510 neque
942 2468 989 2495 ea
1004 2453 1256 2511 quisquam,
1285 2454 1363 2495 nisi
1385 2453 1457 2495 diu
1478 2486 1488 2507 7
1519 2455 1715 2498 multum-

364 2546 444 2587 que
466 2530 737 2590 scriptitarit,
757 2531 884 2572 etiam
906 2532 939 2573 si
962 2531 1327 2575 vehementissime
1348 2548 1391 2574 se
1411 2533 1453 2573 in
1477 2531 1542 2577 liis
1566 2535 1714 2577 subitis

363 2608 618 2653 dictionibus
636 2611 896 2664 exercuerit,
919 2620 1203 2669 consequetur
1237 2629 1243 2653 :
1273 2621 1311 2654 ct
1341 2612 1414 2670 qui
1443 2627 1469 2654 a
1503 2614 1714 2658 scribendi
