1843 3166
658 220 802 254 LIBER
832 219 896 253 111.
1379 221 1454 262 249

98 320 199 347 sane
225 320 340 347 nunc
364 302 538 364 quidem
562 302 890 356 obsoleverunt3
915 311 990 344 aut
1006 301 1116 360 juris
1139 301 1381 358 scientiam,
1403 318 1455 344 ne

98 384 190 443 ejus
213 383 387 444 quidem
411 383 597 427 universi
622 399 631 425 :
675 398 775 425 nam
805 381 1095 442 pontificium,
1123 380 1239 439 quod
1265 391 1326 424 est
1353 397 1456 424 con-

93 463 317 522 junctum,
335 479 460 506 nemo
475 461 618 517 discit3
639 470 714 504 aut
731 459 1046 520 eloquentiam,
1063 475 1192 520 quam
1207 460 1249 502 in
1268 458 1455 503 clamore

98 553 140 586 et
177 545 219 586 in
258 543 487 586 verborum
525 557 653 585 cursu
681 541 866 601 positam
899 548 1077 600 putant;
1114 539 1310 582 omnium
1348 554 1452 581 vero

98 623 311 666 bonarum
339 622 521 677 artium,
550 620 737 680 denique
759 620 970 664 virtutum
987 620 1178 679 ipsarum
1203 619 1456 663 societatem

99 702 488 763 cognationemque
509 717 597 744 non
623 711 798 745 norunt.

163 784 366 827 XXXIV.
393 783 500 838 Sed,
526 792 574 826 ut
598 782 652 825 ad
667 784 842 827 Graecos
866 782 1050 826 referam
1073 783 1312 826 orationem
1336 781 1461 841 (qui-

101 864 180 907 bus
213 880 358 907 carere
387 865 429 907 in
453 864 535 907 hoc
570 862 743 923 quidem
768 864 975 907 sermonis
1005 879 1160 924 genere
1187 879 1274 905 non
1310 878 1462 922 possu-

104 961 200 988 mus
226 961 235 988 :
263 961 362 988 nam
397 955 445 988 ut
474 945 645 987 virtutis
674 960 698 987 a
722 945 900 1000 nostris,
929 945 988 987 sic
1025 943 1232 986 doctrinae
1271 952 1372 986 sunt
1409 941 1463 985 ab

105 1023 188 1068 illis
223 1023 416 1084 exempla
442 1023 732 1084 repetenda);
767 1033 931 1084 septem
968 1023 1097 1067 fuisse
1133 1023 1338 1066 dicuntur
1377 1038 1463 1065 uno

105 1114 321 1164 tempore,
361 1105 435 1164 qui
471 1104 682 1165 sapientes
720 1113 763 1147 et
798 1103 1076 1159 haberentur,
1112 1112 1153 1146 et
1189 1112 1464 1146 vocarentur.

106 1186 161 1228 Hi
200 1201 368 1239 omnes,
407 1194 562 1245 praeter
599 1183 819 1228 Milesium
864 1183 1051 1239 Thalen,
1093 1183 1338 1226 civitatibus
1379 1182 1464 1225 suis

107 1264 388 1325 praefuerunt.
419 1266 529 1323 Quis
563 1265 730 1309 doctior
758 1264 907 1308 iisdem
944 1263 1029 1307 illis
1064 1263 1355 1324 temporibus,
1395 1272 1470 1305 aut

110 1345 230 1404 cujus
256 1344 502 1405 eloquentia
527 1344 678 1389 litteris
694 1345 946 1388 instructior
965 1344 1094 1387 fuisse
1114 1342 1314 1399 traditur,
1339 1358 1469 1401 quam

110 1425 353 1469 Pisistrati?
388 1426 463 1485 qui
493 1426 658 1485 primus
686 1425 865 1468 Homeri
903 1423 1064 1478 libros,
1090 1422 1292 1466 confusos
1319 1431 1470 1477 antea,

112 1506 171 1548 sic
195 1505 455 1566 disposuisse
484 1505 656 1562 dicitur,
690 1514 740 1548 ut
762 1521 878 1548 nunc
906 1504 1128 1548 habemus.
1164 1504 1266 1547 Non
1295 1502 1378 1546 fuit
1402 1501 1472 1545 ille

115 1584 290 1644 quidem
325 1585 489 1629 civibus
518 1586 605 1628 suis
641 1583 785 1639 utilis;
820 1584 894 1627 sed
927 1585 986 1626 ita
1018 1582 1266 1642 eloquentia
1299 1583 1473 1638 floruit,

113 1674 163 1707 ut
188 1663 343 1708 litteris
368 1665 655 1723 doctrinaque
674 1673 910 1724 praestaret.

183 1745 302 1801 Quid
328 1743 540 1788 Pericles?
561 1744 612 1788 de
642 1744 763 1803 cujus
785 1743 952 1787 dicendi
978 1746 1102 1804 copia
1125 1745 1184 1787 sic
1211 1744 1476 1804 accepimus,

115 1834 187 1880 ut,
215 1842 349 1885 quum
379 1835 532 1868 contra
565 1823 831 1868 voluntatem
855 1824 1184 1867 Atheniensium
1220 1822 1473 1883 loqueretur

117 1921 197 1967 pro
234 1903 370 1948 salute
397 1905 546 1965 patriae
574 1904 786 1960 severius,
822 1913 966 1947 tamen
1004 1903 1048 1946 id
1074 1904 1229 1963 ipsum,
1265 1903 1383 1963 quod
1406 1903 1478 1947 ille

118 1995 269 2030 contra
296 1983 526 2046 populares
547 1984 742 2027 homines
770 1983 949 2040 diceret,
978 1983 1190 2044 populare
1215 1984 1417 2027 omnibus
1436 1994 1478 2027 et

115 2064 356 2125 jucundum
392 2063 648 2108 videretur:
685 2064 806 2123 cujus
841 2064 884 2106 in
924 2063 1054 2106 labris
1086 2073 1249 2107 veteres
1286 2064 1479 2119 Comici,

120 2145 249 2188 etiam
281 2161 415 2204 quum
442 2143 503 2187 illi
530 2143 639 2187 male
666 2143 858 2187 dicerent
887 2142 1033 2203 (quod
1059 2153 1151 2186 tum
1183 2144 1364 2187 Athenis
1388 2143 1477 2187 fieri

121 2223 326 2283 licebat),
359 2222 547 2284 leporem
582 2223 796 2267 habitasse
825 2222 1045 2278 dixerunt,
1072 2232 1324 2283 tantamque
1356 2224 1401 2267 in
1430 2240 1481 2266 eo

121 2305 209 2347 vim
234 2304 384 2359 fuisse,
411 2313 456 2347 ut
481 2305 524 2347 in
555 2321 705 2348 eorum
730 2303 967 2357 mentibus,
992 2304 1066 2363 qui
1090 2303 1328 2359 audissent,
1360 2304 1481 2363 quasi

124 2383 290 2428 aculeos
316 2383 526 2444 quosdam
554 2384 830 2444 relinqueret.
855 2387 913 2428 At
936 2384 1051 2427 hunc
1071 2401 1157 2428 non
1182 2383 1392 2428 clamator
1411 2383 1484 2427 ali-

124 2465 220 2523 quis
234 2464 288 2507 ad
313 2463 582 2525 clepsydram
596 2463 754 2508 latrare
780 2464 1007 2518 docuerat,
1030 2463 1103 2507 sed
1118 2498 1130 2520 ,
1152 2474 1200 2507 ut
1215 2463 1480 2522 accepimus,

126 2544 426 2590 Clazomenius
443 2543 512 2588 ille
529 2547 824 2605 Anaxagoras,
848 2545 915 2587 vir
933 2560 1125 2587 summus
1144 2545 1187 2587 in
1199 2543 1482 2587 maximarum

126 2640 271 2668 rerum
291 2626 480 2669 scientia.
505 2627 656 2684 Itaque
675 2625 748 2668 hic
772 2624 966 2668 doctrina
983 2658 994 2681 ,
1012 2625 1192 2668 consilio
1211 2658 1221 2680 ,
1240 2623 1485 2682 eloquentia
