1843 3166
103 246 839 261 mmmmmtmmmvwm
844 248 1089 262 mmm
1093 250 1106 262 Q

177 466 293 548 M.
359 464 735 547 TULLII
803 463 1392 551 CICERONIS

407 688 486 726 AD
531 688 823 736 QUINTUM
865 688 1155 728 FRATREM

561 918 814 960 DIALOGI
857 919 1000 961 TRES

474 1151 586 1206 DE
647 1150 1107 1206 ORATORE.

320 1617 623 1660 DIALOGUS
660 1618 770 1660 SEU
804 1618 976 1661 LIBER
1009 1619 1245 1662 PRIMUS.

101 1838 136 1879 I.
180 1799 468 1883 Cosmum
503 1836 609 1878 mihi
639 1852 748 1896 saepe
776 1853 976 1894 numero,
1013 1846 1054 1880 et
1083 1837 1293 1880 memoria
1323 1847 1467 1881 vetera

107 1916 340 1975 repetenti,
367 1916 559 1975 perbeati
588 1916 737 1972 fuisse,
764 1917 930 1972 Quinte
955 1917 1113 1972 frater,
1143 1916 1205 1960 illi
1230 1916 1367 1959 videri
1397 1932 1468 1959 so·

103 1993 215 2051 lent,
244 1995 318 2054 qui
349 1995 393 2037 in
429 1996 593 2055 optima
623 1996 869 2056 republica,
903 2013 1037 2056 quum
1066 2005 1109 2039 et
1135 1996 1395 2051 honoribus,
1428 2005 1471 2038 et

104 2090 252 2117 rerum
297 2083 515 2134 gestarum
558 2074 695 2135 gloria
731 2075 937 2118 florerent
956 2109 967 2131 ,
1014 2092 1111 2118 eum
1156 2075 1256 2117 vitae
1293 2090 1469 2118 cursum

109 2162 256 2197 tenere
277 2163 534 2213 potuerunt,
560 2164 610 2197 ut
633 2153 699 2197 vel
722 2155 767 2197 in
792 2155 966 2215 negotio
990 2156 1080 2198 sine
1103 2153 1318 2214 periculo,
1336 2153 1403 2196 vel
1426 2154 1469 2196 in

104 2233 194 2276 otio
229 2249 329 2276 cum
364 2233 576 2294 dignitate
607 2251 698 2278 esse
729 2244 916 2294 possent.
949 2237 1013 2278 Ac
1042 2233 1123 2277 fuit
1147 2243 1318 2293 tempus
1342 2232 1470 2288 illud,

106 2328 242 2372 quum
265 2313 372 2356 mihi
395 2330 568 2373 quoque
592 2315 765 2357 initium
786 2314 1106 2373 requiescendi,
1128 2323 1257 2373 atque
1277 2314 1472 2356 animum

106 2392 161 2435 ad
185 2393 411 2452 utriusque
427 2403 625 2437 nostrum
644 2393 849 2454 praeclara
866 2394 1006 2437 studia
1020 2393 1257 2448 referendi,
1275 2393 1366 2436 fore
1382 2393 1472 2452 jus-

108 2481 201 2515 tum
227 2482 270 2515 et
299 2488 434 2531 prope
453 2473 506 2515 ab
530 2474 732 2517 omuibus
757 2490 1007 2517 concessum
1034 2474 1290 2528 arbitrarer,
1315 2473 1349 2515 si
1376 2471 1472 2513 infi-

107 2553 224 2595 nitus
249 2551 486 2595 forensium
508 2569 653 2596 rerum
688 2552 830 2610 labor,
864 2564 907 2597 et
941 2555 1190 2597 ambitionis
1224 2550 1470 2610 occupatio,

109 2631 291 2675 decursu
314 2632 550 2689 honorum,
577 2634 703 2676 etiam
727 2635 863 2677 aetatis
889 2633 1022 2689 flexu,
1045 2634 1318 2676 constitisset.

298 2714 343 2741 11.
1262 2728 1273 2748 ι
