1843 3166
729 193 873 228 LIBER
902 193 949 226 11.
1445 206 1457 228 ι
1469 194 1515 242 39

155 294 175 314 «
193 275 378 330 nemini,
401 284 444 318 et
461 284 506 319 tu
522 289 693 335 semper
707 274 848 319 audax
865 291 876 327 3
897 275 1001 335 quid
1018 285 1102 330 est,
1131 277 1248 335 quod
1263 277 1314 321 dc
1329 278 1518 321 facinore

157 376 174 394 κ
194 355 394 400 dubitare
416 356 630 416 possimus
645 354 663 398 Ρ
677 376 698 397 »

221 438 286 480 Ex
316 437 639 493 consentaneis,
680 446 722 480 et
751 438 1134 498 praecurrentibus,
1171 448 1212 482 et
1244 441 1521 500 repugnanti-

159 518 259 573 bus,
296 527 344 561 ut
371 516 474 561 olim
502 518 682 562 Crassus
710 517 957 563 adolescens
981 536 990 563 ε
1027 539 1047 560 α
1069 519 1190 574 Non,
1232 520 1266 563 si
1298 519 1521 579 Opimium

159 597 445 653 «defendisti,
477 598 643 655 Carbo,
677 598 840 642 idcirco
872 609 915 643 et
944 600 1013 643 isti
1044 600 1208 643 bonum
1233 601 1370 644 civem
1401 609 1523 660 puta-

159 697 179 717 «
197 678 328 734 bunt3
355 677 578 723 simulasse
601 688 668 734 te,
699 689 742 723 et
761 678 878 723 aliud
899 680 1003 740 quid
1025 681 1224 740 quaesisse
1249 679 1523 740 perspicuum

160 768 290 815 «est,
326 759 444 819 quod
471 760 565 804 Tib.
598 761 785 805 Gracchi
822 770 1006 804 mortem
1032 777 1140 821 saepe
1171 762 1215 804 in
1243 760 1524 804 concionibus

159 838 457 900 «deplorasti,
492 840 610 900 quod
641 842 687 884 P.
709 840 899 885 Africani
933 842 1046 885 necis
1071 842 1212 885 socius
1237 841 1374 898 fuisti,
1409 841 1525 901 quod

162 936 297 964 «eam
332 920 469 981 legem
497 922 540 964 in
565 921 791 965 tribunatu
825 921 980 979 tulisti,
1016 922 1134 982 quod
1160 938 1329 982 semper
1355 938 1380 965 a
1403 922 1527 965 bonis

161 1020 181 1041 «
200 1001 449 1047 dissensisti.
465 1023 486 1044 »

229 1086 295 1128 Ex
313 1085 453 1128 causis
472 1093 616 1127 autem
632 1101 776 1128 rerum
792 1087 853 1129 sic
877 1103 886 1129 :
907 1106 926 1126 «
947 1087 1187 1130 Avaritiam
1212 1087 1246 1130 si
1269 1085 1420 1130 tollere
1436 1086 1528 1129 vul-

164 1186 184 1207 «
202 1167 256 1210 tis
271 1200 281 1220 ,
299 1175 436 1208 mater
451 1165 544 1225 ejus
559 1174 622 1209 est
637 1164 850 1221 tollenda,
869 1165 1105 1211 luxuries.»

230 1249 295 1290 Ex
319 1246 369 1289 iis
400 1255 567 1302 autem,
603 1263 699 1306 quae
724 1256 825 1289 sunt
856 1256 953 1290 orta
984 1247 1036 1290 de
1070 1248 1208 1291 causis
1234 1264 1243 1290 :
1277 1267 1296 1288 «
1325 1248 1369 1291 Si
1395 1247 1530 1289 aerarii

167 1347 188 1369 «
209 1328 344 1388 copiis
366 1337 407 1370 et
438 1326 493 1370 ad
520 1326 620 1370 belli
655 1326 927 1387 adjumenta,
964 1337 1007 1371 et
1040 1327 1094 1371 ad
1127 1336 1382 1371 ornamenta
1418 1328 1533 1387 pacis

168 1428 187 1447 «
211 1408 389 1464 utimur,
413 1406 694 1468 vectigalibus
714 1408 963 1451 serviamus.
986 1426 1006 1447 »

234 1489 406 1549 Majora
431 1497 596 1542 autem,
617 1497 659 1531 et
684 1488 854 1531 minora
871 1522 882 1544 ,
907 1497 948 1531 et
964 1489 1085 1549 paria
1100 1487 1445 1548 comparabimus
1464 1488 1536 1531 sic.

236 1573 300 1615 Ex
326 1570 493 1630 majore
515 1587 523 1613 :
560 1589 579 1609 (ι
602 1569 646 1613 Si
669 1569 782 1612 bona
809 1569 1071 1612 existimatio
1095 1568 1254 1611 divitiis
1279 1578 1469 1628 praestat,
1499 1577 1540 1610 et

173 1672 193 1693 «
213 1651 395 1714 pecunia
424 1660 650 1710 tantopere
686 1650 918 1709 expetitur,
952 1658 1118 1708 quanto
1152 1647 1289 1709 gloria
1314 1648 1449 1709 magis
1477 1657 1540 1691 cst

175 1753 196 1775 «
215 1731 484 1793 expetenda?
505 1752 525 1772 »

238 1815 304 1858 Ex
328 1813 494 1856 minore
522 1813 583 1856 sic
602 1830 612 1854 ε

309 1936 631 1945 .........
660 1908 731 1943 Hic
748 1920 870 1956 parvae
886 1908 1162 1944 consuetudinis

306 1972 422 2007 Causa
439 1969 548 2017 hujus
565 1977 725 2005 mortem
741 1976 815 2005 tam
832 1969 904 2005 fert
921 1969 1149 2005 familiariter
1164 1979 1175 2002 t

308 2031 412 2077 Quid
429 2031 461 2067 si
477 2030 557 2079 ipse
573 2029 752 2067 amasset?
772 2030 865 2079 quid
881 2030 974 2066 mihi
989 2030 1048 2066 hic
1064 2029 1171 2065 faciet
1185 2028 1308 2077 patri?

245 2129 309 2171 Ex
332 2126 426 2187 pari
445 2126 506 2170 sic
527 2142 537 2169 ε
562 2127 670 2170 «Est
694 2124 895 2186 ejusdem.
915 2134 958 2168 et
980 2124 1166 2184 eripere,
1195 2130 1238 2165 et
1260 2128 1410 2164 contra
1435 2133 1546 2162 rem-

184 2225 204 2247 «
220 2204 441 2268 publicam
466 2204 615 2267 largiri
634 2205 891 2267 pecunias.»

247 2287 371 2332 Foris
398 2295 543 2330 autem
568 2295 849 2331 assumuntur
874 2302 943 2341 ea,
965 2301 1061 2346 quae
1086 2301 1174 2329 non
1198 2300 1274 2328 sua
1298 2284 1361 2340 vi,
1386 2281 1459 2326 sed
1480 2297 1550 2324 ex-

185 2380 337 2413 tranea
360 2366 657 2425 sublevantur,
678 2378 727 2411 ut
748 2368 862 2412 haec:
887 2386 908 2408 «
924 2369 1019 2411 Hoc
1035 2382 1186 2410 verum
1202 2375 1289 2422 est;
1309 2363 1417 2408 dixit
1437 2364 1549 2407 enim

187 2468 208 2489 «
227 2450 284 2506 Q.
304 2449 555 2492 Lutatius.»
570 2474 632 2481 —-
647 2451 772 2492 «Hoc
794 2446 951 2492 falsum
973 2457 1057 2504 est;
1080 2447 1228 2491 habita
1242 2446 1357 2490 enim
1372 2444 1553 2504 quaestio

177 2541 212 2571 '«
228 2539 304 2574 est.
323 2549 343 2570 n
357 2556 420 2562 —-
438 2530 567 2572 «Hoc
586 2530 707 2588 sequi
736 2544 909 2573 necesse
935 2537 1018 2583 est;
1043 2528 1178 2571 recito
1199 2527 1314 2570 enim
1339 2522 1553 2568 tabulas.»

254 2611 322 2654 De
343 2625 431 2668 quo
455 2625 611 2669 genere
637 2618 727 2652 toto
751 2607 897 2668 paullo
920 2617 1021 2652 autc
1050 2607 1150 2652 dixi.
