1843 3166
315 182 324 202 1
336 174 382 202 δι)
823 173 885 207 ΠΕ
912 172 1147 208 ΟΒΛΤΟΒΕ

308 252 423 311 quit,
453 261 494 296 et
515 269 649 312 quum
669 252 840 297 doctior
859 271 933 315 pcr
952 264 1012 310 tc,
1039 264 1130 296 tuni
1151 254 1280 296 ctiam
1304 253 1505 297 audacior
1527 254 1661 299 factus

309 348 402 376 sum
425 333 478 376 ad
496 333 744 393 jocandum.
773 336 874 380 Non
899 335 1013 377 enim
1040 350 1207 389 vercor,
1238 350 1290 376 nc
1310 334 1406 393 quis
1427 350 1493 378 mc
1515 335 1555 377 in
1583 335 1663 378 isto

309 429 465 473 genere
488 413 694 457 leviorem
715 415 805 473 jam
828 424 976 475 putet,
1005 416 1210 474 quoniam
1237 413 1413 473 quidem
1438 423 1487 457 tu
1514 415 1662 457 Fabri-

307 493 394 537 cios
425 494 531 536 mihi
563 503 782 551 auctores,
820 505 863 538 et
896 495 1143 550 Africanos,
1179 495 1414 549 Maximos,
1452 496 1664 548 Catones,

306 572 494 633 Lepidos
517 572 749 633 protulisti.
781 574 864 617 Sed
889 574 1057 616 hahetis
1077 590 1145 627 ca,
1179 589 1274 632 quae
1303 572 1498 617 voluistis
1524 590 1574 616 ex
1597 590 1665 616 me

306 652 478 706 audire,
508 653 559 696 dc
579 654 736 712 quibus
760 654 934 713 quidem
960 654 1202 696 accuratius
1224 652 1454 696 dicendum
1479 663 1522 696 et
1547 653 1664 713 cogi-

307 732 487 775 tandum
505 732 585 775 fuit
602 750 610 775 :
631 750 731 776 nam
746 742 888 775 cetera
908 731 1102 776 faciliora
1121 741 1242 787 sunt,
1264 741 1392 791 atque
1410 748 1460 775 cx
1481 732 1553 787 iis,
1571 748 1665 792 quae

301 813 389 871 jam
415 811 530 855 dicta
556 822 679 867 sunt,
707 811 873 872 reliqua
894 821 1133 855 nascuntur
1153 811 1311 855 omnia.

368 893 547 935 LXXII.
585 894 679 952 Ego
703 893 816 935 enim
840 908 976 951 quum
1005 891 1060 935 ad
1088 907 1259 935 causam
1289 908 1383 935 sum
1412 908 1665 952 aggressus,

305 981 434 1031 atquc
458 973 604 1014 omnia
626 971 877 1031 cogitando,
903 970 1046 1030 quoad
1066 971 1206 1014 facere
1224 972 1372 1030 potui,
1395 982 1665 1031 persecutus;

304 1068 436 1110 quum
461 1060 502 1093 et
528 1060 785 1111 argumenta
809 1067 947 1094 causae
963 1084 974 1106 ‚
1011 1059 1052 1093 et
1076 1067 1147 1093 cos
1174 1050 1314 1104 locos,
1354 1052 1511 1109 quibus
1535 1052 1665 1094 animi

300 1130 497 1189 judicum
520 1129 823 1186 conciliantur,
852 1139 892 1173 et
914 1129 1028 1185 illos,
1054 1130 1212 1189 quibus
1232 1139 1557 1190 permoventur,
1580 1133 1667 1176 vidi

303 1219 431 1269 atquc
446 1211 630 1271 cognovi
649 1227 656 1252 :
679 1219 768 1253 tum
785 1211 1027 1266 constituo,
1044 1210 1149 1269 quid
1166 1210 1322 1253 habeat
1342 1225 1522 1269 quaeque
1537 1225 1665 1254 causa

304 1289 402 1333 boni
423 1324 433 1345 ,
474 1290 580 1349 quid
602 1289 717 1333 mali.
758 1289 893 1334 Nulla
921 1291 1036 1333 enim
1061 1289 1151 1333 fere
1173 1306 1241 1334 res
1262 1298 1404 1349 potest
1428 1290 1471 1333 in
1496 1288 1665 1332 dicendi

303 1368 659 1429 disceptationem
687 1380 762 1413 aut
784 1370 1129 1414 controversiam
1150 1370 1319 1423 vocari,
1356 1385 1450 1428 quae
1481 1385 1568 1412 non
1595 1370 1666 1411 ha-

302 1450 402 1493 beat
428 1460 663 1510 utrumque
682 1468 690 1494 :
722 1451 820 1506 sed,
850 1459 1063 1510 quantum
1084 1450 1261 1504 habeat,
1282 1449 1326 1491 id
1347 1449 1488 1492 refert.

364 1532 465 1573 Mea
489 1540 634 1573 autem
661 1531 770 1573 ratio
797 1531 841 1573 in
865 1529 1050 1573 dicendo
1076 1530 1164 1572 haec
1190 1545 1278 1572 esse
1308 1528 1436 1585 solet,
1464 1537 1531 1584 ut,
1564 1528 1666 1572 boni

301 1609 418 1670 quod
444 1610 625 1666 habeat,
662 1610 704 1652 id
738 1609 989 1669 amplectar,
1023 1625 1251 1662 exornem,
1289 1625 1571 1669 exaggerem3
1600 1609 1665 1651 ‘ibi

303 1707 560 1747 commorer,
593 1692 651 1733 ibi
681 1691 892 1746 habitem,
924 1690 981 1732 ibi
1007 1689 1190 1736 haeream
1211 1706 1219 1731 ε
1248 1705 1272 1731 a
1298 1687 1412 1731 malo
1435 1697 1580 1732 autem
1603 1689 1667 1732 vi-

302 1772 447 1831 tioque
469 1787 608 1816 causae
628 1771 688 1814 ita
711 1770 934 1826 recedam,
962 1786 1049 1813 non
1075 1779 1123 1812 ut
1146 1769 1189 1812 id
1215 1785 1281 1812 me
1302 1768 1508 1830 defugere
1532 1785 1665 1830 appa-

301 1860 411 1905 reat,
441 1851 516 1894 sed
544 1861 589 1894 ut
614 1860 774 1906 totum,
806 1851 922 1894 bono
953 1849 1027 1893 illo
1058 1849 1257 1893 ornando
1285 1859 1328 1892 et
1352 1848 1552 1910 augendo
1577 1849 1665 1892 dis-

300 1929 571 1987 simulatum,
615 1931 840 1974 obruatur.
879 1933 956 1984 Et,
994 1930 1028 1973 si
1052 1945 1181 1973 causa
1215 1938 1278 1972 est
1304 1929 1349 1972 in
1376 1928 1664 1989 argumentis,

300 2011 542 2054 firmissima
572 2027 756 2071 quaeque
783 2010 969 2053 maxime
995 2019 1136 2063 tueor,
1171 2009 1257 2052 sive
1277 2007 1402 2069 plura
1423 2017 1544 2065 sunt,
1576 2009 1665 2051 sivc

299 2089 475 2151 aliquod
493 2107 629 2133 unum
646 2108 657 2147 3
681 2092 745 2133 sin
763 2099 907 2133 autem
929 2090 972 2132 in
991 2089 1313 2142 conciliatione,
1335 2097 1408 2131 aut
1428 2089 1470 2130 in
1491 2104 1665 2148 permo-

301 2171 417 2213 tione
447 2186 577 2213 causa
604 2179 687 2226 est,
727 2170 781 2213 ad
816 2186 911 2213 eam
940 2185 1009 2212 me
1035 2170 1307 2230 potissimum
1338 2177 1531 2228 partem,
1572 2183 1665 2227 quae

299 2251 482 2295 maxime
503 2267 776 2294 commovere
796 2251 964 2294 animos
987 2250 1215 2293 hominum
1235 2257 1398 2309 potest,
1424 2246 1613 2290 confero.

363 2333 539 2374 Summa
561 2330 749 2390 denique
771 2330 902 2390 hujus
926 2330 1097 2391 generis
1121 2330 1212 2372 haec
1241 2338 1324 2384 est,
1357 2337 1428 2381 ut,
1466 2327 1501 2369 si
1526 2327 1571 2370 in
1594 2343 1664 2370 re-

299 2410 487 2455 fellendo
510 2411 760 2455 adversario
782 2411 949 2455 firmior
975 2428 1067 2454 esse
1093 2411 1253 2465 oratio,
1282 2424 1413 2468 quam
1435 2408 1479 2450 in
1505 2406 1663 2450 confir-

299 2491 467 2535 mandis
488 2493 645 2535 nostris
669 2492 816 2548 rebus,
853 2502 1018 2552 potest,
1058 2491 1204 2535 omnia
1229 2491 1273 2532 in
1300 2487 1423 2532 illum
1445 2485 1664 2530 conferam

302 2570 410 2628 tela3
437 2573 501 2615 sin
521 2581 667 2615 nostra
687 2571 855 2615 facilius
876 2572 1066 2631 probari,
1098 2587 1229 2632 quam
1252 2568 1321 2612 illa
1342 2566 1547 2627 redargui
1569 2582 1666 2626 pos-
