1843 3166
742 197 886 230 LIBER
917 198 962 231 11.
1467 198 1535 233 105

164 289 343 323 eventus
386 288 711 339 exspectantur,
757 289 798 321 ct
839 279 893 322 (10
931 269 1119 323 consiliis
1162 281 1393 340 significari
1431 283 1535 342 quid

165 360 350 419 scriptor
373 359 547 419 probet,
575 368 616 401 et
643 358 687 401 in
712 358 844 402 rebus
867 360 995 418 gestis
1020 358 1254 416 declarari,
1283 377 1370 403 non
1399 362 1538 407 solum

163 439 267 497 quid
287 450 432 483 actum
452 448 527 482 aut
545 438 711 482 dictum
733 439 810 494 sit,
839 439 913 482 sed
934 441 1063 483 etiam
1082 440 1324 500 quomodo3
1346 451 1387 484 et
1405 460 1538 501 quum

164 518 217 561 de
245 529 401 562 eventu
426 519 611 573 dicatur,
639 529 689 562 ut
713 535 852 562 causae
884 519 1155 580 explicentur
1184 537 1353 576 omnes,
1375 521 1444 564 vel
1469 540 1538 565 ca-

165 617 256 654 sus,
276 599 343 643 vel
364 600 603 660 sapientiae,
626 598 692 643 vel
713 601 992 657 temeritati53
1012 601 1327 661 hominumque
1347 602 1540 662 ipsorum

162 697 249 723 non
279 679 419 723 solum
450 697 518 724 res
548 691 696 742 gestae,
738 681 813 724 sed
837 682 987 737 etiam,
1026 682 1101 741 qui
1133 681 1246 726 fama
1282 698 1331 725 ac
1366 683 1541 726 nomine

161 759 393 816 vxcellant,
422 762 475 804 de
498 762 712 822 cujusque
738 761 849 817 vita,
874 771 1006 821 atque
1032 771 1204 806 natura.

225 840 474 884 Verborum
499 851 647 884 autem
671 842 804 897 ratio,
835 851 878 885 et
900 858 1037 902 genus
1060 843 1290 898 orationis,
1314 842 1459 886 fusum
1482 853 1541 886 at-

161 937 244 981 que
261 930 470 978 tractum,
492 931 534 965 et
554 938 655 965 cum
675 921 851 965 lenitate
871 921 1061 982 quadani
1079 921 1279 982 aequabili
1299 922 1540 984 profluens,

160 1003 252 1045 sine
274 1002 355 1045 hac
376 1001 574 1063 judiciali
601 1003 851 1063 asperitate,
882 1012 924 1045 et
947 1003 1038 1046 sine
1066 1004 1379 1048 sententiarum
1402 1003 1546 1047 foren-

159 1084 272 1126 sium
292 1082 453 1127 aculeis
477 1083 834 1144 persequendum
853 1093 929 1126 est.
952 1086 1119 1127 Harum
1145 1093 1209 1126 tot
1233 1093 1541 1144 tantarumque

159 1181 306 1207 rerum
331 1164 541 1208 videtisne
569 1163 658 1207 ulla
681 1181 773 1207 esse
795 1173 1033 1224 praecepta,
1064 1181 1160 1224 quae
1184 1165 1227 1207 in
1252 1164 1418 1208 artibus
1438 1165 1539 1208 rhe-

158 1254 306 1292 torum
335 1244 637 1305 reperiantur?
674 1247 725 1288 In
751 1244 903 1288 eodem
932 1243 1103 1288 silentio
1127 1243 1264 1287 multa
1289 1244 1373 1287 alia
1401 1255 1542 1289 orato-

158 1343 257 1370 rum
275 1325 419 1368 officia
432 1326 688 1385 jacuerunt,
709 1325 1056 1380 cohortationes,
1078 1323 1419 1382 consolationes,
1442 1342 1543 1385 prae-

159 1416 305 1466 cepta,
330 1405 553 1449 admonita
572 1423 580 1449 :
603 1423 697 1466 quae
715 1405 942 1449 tractanda
962 1414 1065 1448 sunt
1083 1406 1230 1448 omnia
1244 1404 1543 1462 disertissime3

159 1486 235 1530 sed
262 1485 408 1531 locum
435 1503 563 1530 suum
596 1487 641 1530 in
669 1485 752 1529 illis
781 1486 968 1540 artibus,
997 1502 1092 1546 quae
1115 1485 1282 1529 traditae
1309 1496 1431 1543 sunt,
1466 1487 1542 1530 ha-

158 1567 263 1612 bent
287 1567 471 1611 nullum.

221 1650 365 1708 Atque
399 1649 443 1691 in
474 1648 558 1692 hoc
595 1663 756 1708 genere
793 1646 866 1689 illa
898 1662 1075 1706 quoque
1107 1656 1171 1690 est
1205 1647 1374 1691 infinita
1412 1647 1541 1704 silva,

160 1729 278 1789 quod
299 1730 464 1773 oratori
483 1728 682 1790 plerique
703 1728 770 1789 (ut
791 1728 920 1771 etiam
935 1730 1116 1772 Crassus
1137 1728 1343 1790 ostendit)
1366 1728 1453 1773 duo
1475 1747 1542 1791 ge-

160 1828 265 1854 nera
294 1810 349 1854 ad
374 1810 608 1855 dicendum
628 1810 845 1854 dederunt
865 1827 874 1852 :
903 1825 1040 1854 unum
1061 1808 1114 1854 de
1138 1819 1256 1854 certa
1276 1810 1540 1871 definitaque

161 1908 311 1948 causa,
333 1891 482 1952 quales
504 1901 626 1948 sunt,
649 1908 742 1951 quae
770 1892 813 1935 in
834 1890 1003 1946 litibus,
1026 1907 1119 1951 quae
1145 1892 1189 1933 in
1217 1890 1540 1935 deliberationi—

162 1972 242 2017 bus
268 1983 523 2028 versantur3
558 1971 706 2028 addat,
741 1973 775 2015 si
800 1973 896 2032 quis
924 1971 1056 2026 volet,
1089 1973 1219 2015 etiam
1250 1971 1540 2029 laudatione53

163 2052 369 2110 alterum,
402 2053 521 2113 quod
543 2052 764 2114 appellant
784 2068 933 2095 omnes
959 2052 1048 2095 fere
1070 2053 1323 2112 scriptores,
1356 2051 1541 2112 explicat

162 2150 309 2190 nemO,
345 2134 557 2177 infinitam
584 2135 755 2195 generis
781 2135 873 2178 sine
899 2144 1114 2194 tempore,
1147 2143 1188 2177 et
1214 2135 1305 2177 sine
1331 2149 1540 2194 persona,

161 2216 455 2275 quaestionein.
478 2218 572 2259 Hoc
593 2215 698 2276 quid
719 2226 762 2259 et
781 2225 997 2276 quantum
1019 2216 1092 2271 sit,
1114 2232 1251 2275 quum
1277 2214 1446 2272 dicunt,
1473 2213 1541 2258 in-

162 2295 354 2356 telligere
374 2296 481 2339 mihi
500 2313 588 2339 non
610 2296 826 2340 videntur.

227 2378 271 2421 Si
289 2378 404 2420 enim
421 2386 482 2420 est
496 2379 702 2434 oratoris,
726 2393 1012 2437 quaecumque
1033 2393 1101 2421 res
1121 2377 1287 2422 infinite
1306 2379 1446 2438 posita
1466 2379 1538 2433 sit,

164 2458 217 2502 de
237 2474 288 2501 ea
307 2473 433 2518 posse
453 2457 622 2515 dicere3
644 2458 878 2503 dicendum
897 2460 979 2502 erit
999 2459 1059 2516 ei,
1079 2469 1243 2520 quanta
1263 2460 1316 2502 sit
1336 2458 1436 2502 solis
1457 2474 1540 2501 ma-

164 2539 366 2600 gnitudo,
394 2555 487 2600 quae
509 2539 649 2583 forma
670 2550 794 2584 terrae
817 2557 826 2583 :
849 2539 901 2584 de
926 2541 1260 2595 mathematicis,
1291 2539 1344 2582 de
1365 2539 1538 2582 musicis

164 2620 293 2664 rebus
315 2637 402 2664 non
421 2621 601 2682 poterit,
625 2622 731 2681 quin
752 2620 887 2680 dicat,
909 2622 990 2665 hoc
1012 2637 1143 2665 onere
1168 2630 1384 2680 suscepto,
1415 2636 1537 2663 rccu-
