1843 3166
276 210 323 244 ῳ,
797 205 858 239 m:
889 207 1122 242 ORATORE

276 291 319 325 et
342 281 505 326 saeculis
532 284 676 328 multis
705 297 804 329 ante
830 291 1047 348 gymnasia
1078 292 1248 332 inventa
1272 298 1370 331 sunt
1388 322 1399 342 ,
1429 304 1559 346 quam
1593 289 1630 329 in

278 363 342 405 his
371 362 616 424 philosophi
648 369 813 426 garrire
843 381 1086 429 coeperunt,
1126 381 1165 413 ct
1195 372 1274 413 hoc
1302 371 1393 430 ipso
1419 379 1634 428 tempore,

277 459 413 502 quum
432 446 576 488 onmia
592 450 812 506 gymnasia
834 449 1079 510 philosophi
1100 461 1293 506 teneant,
1324 461 1463 493 tamen
1485 465 1633 491 eorum

277 522 500 567 auditores
530 525 695 569 discum
724 527 898 583 audire,
931 547 1061 589 quam
1087 531 1418 592 philosophum,
1444 528 1635 579 malunt;

280 604 354 662 qui
379 605 504 648 simul
533 617 578 649 ut
610 608 846 669 increpuit,
886 611 928 654 in
963 612 1101 655 media
1133 613 1328 655 oratione
1362 611 1414 653 de
1444 610 1636 653 maximis

280 685 409 728 rebus
445 696 487 729 et
521 689 780 747 gravissimis
817 691 1108 751 disputantem
1148 691 1452 752 philosophum
1490 706 1637 733 omnes

280 765 495 808 unctionis
528 783 656 811 causa
689 768 941 830 relinquunt
969 790 977 815 :
1019 774 1075 815 ita
1106 772 1361 816 levissimam
1394 770 1639 814 delectatio-

282 861 378 888 nem
403 847 684 906 gravissimae,
712 860 758 892 ut
781 851 858 911 ipsi
879 852 1044 907 lin-unt,
1071 852 1246 896 utilitati
1268 861 1550 912 anteponunt.

345 927 497 969 Otium
522 937 667 971 autem
692 931 809 989 quod
836 932 939 975 dieis
969 950 1084 987 esse,
1120 935 1353 988 assentior,
1390 950 1534 976 verum
1564 934 1639 975 otii

280 1007 445 1050 fructus
469 1017 554 1064 est,
585 1026 671 1053 non
697 1013 917 1055 contentio
938 1015 1100 1067 animi,
1127 1014 1199 1057 sed
1221 1014 1437 1058 relaxatio.

345 1090 420 1133 VI.
459 1090 579 1151 Saepe
599 1107 650 1135 ex
673 1108 820 1135 socero
843 1110 939 1136 meo
959 1094 1102 1138 audivi
1121 1129 1132 1149 ,
1159 1112 1294 1154 quum
1318 1096 1352 1138 is
1376 1096 1555 1149 diceret,
1581 1113 1644 1138 so-

281 1185 427 1213 cerum
456 1188 584 1215 suum
609 1170 792 1215 Laelium
818 1191 987 1234 semper
1014 1174 1100 1218 fere
1120 1192 1220 1218 cum
1245 1176 1446 1235 Scipione
1469 1174 1641 1219 solitum

280 1252 500 1308 rusticari,
531 1270 689 1313 eosque
710 1254 1021 1299 incredibiliter
1042 1273 1341 1316 repuerascere
1365 1273 1454 1300 esse
1478 1256 1645 1308 solitos,

279 1349 416 1392 quum
448 1350 521 1378 rus
549 1352 599 1378 ex
637 1335 764 1391 urbe,
808 1346 1015 1397 tanquam
1048 1354 1070 1380 c
1110 1338 1311 1393 vinculis,
1344 1336 1643 1382 evolavissem,

282 1415 383 1457 Non
399 1413 538 1458 audeo
553 1414 695 1459 dicere
710 1416 762 1459 de
781 1416 942 1461 talibus
963 1419 1084 1474 viris,
1103 1419 1175 1461 sed
1197 1428 1339 1462 tamen
1355 1418 1539 1462 ita-solet.
1556 1436 1648 1462 nar-

282 1510 377 1538 rare
396 1495 584 1539 Scaevola
598 1530 609 1551 ,
630 1497 819 1541 conchas
840 1514 912 1541 eos
929 1508 972 1541 et
994 1498 1221 1543 umbilicos
1244 1499 1296 1543 ad
1317 1500 1511 1545 Caietam
1533 1509 1573 1542 et
1595 1500 1646 1542 ad

282 1576 552 1619 Laurentum
575 1575 714 1636 legere
737 1594 991 1634 consuesse,
1015 1589 1057 1622 et
1077 1579 1130 1622 ad
1155 1597 1326 1624 omnem
1348 1581 1481 1623 animi
1504 1580 1649 1624 remis-

283 1656 467 1712 sionem,
495 1655 737 1718 ludumquc
763 1657 1038 1703 descendere.

348 1738 419 1781 Sic
446 1738 562 1781 enim
592 1755 636 1782 se
665 1756 733 1783 res
761 1739 922 1783 habet:
954 1751 1024 1796 ut,
1054 1741 1423 1801 quemadmodum
1456 1742 1651 1786 volucres

282 1817 502 1873 videmus,
536 1821 851 1879 procreationis
884 1831 1015 1881 atque
1043 1821 1241 1866 utilitatis
1270 1840 1356 1867 suae
1387 1840 1540 1879 causa,
1574 1824 1652 1867 sin-

281 1914 381 1959 gere
405 1907 448 1941 et
474 1909 728 1944 construere
751 1900 902 1958 nidos,
929 1901 1098 1945 easdem
1130 1912 1294 1959 autem,
1329 1920 1465 1963 quum
1490 1902 1653 1963 aliquid

281 1979 523 2036 effecerint,
563 1979 734 2024 levandi
771 1980 932 2025 laboris
964 1982 1030 2026 sui
1060 1999 1214 2039 causa,
1252 1984 1409 2043 passim
1443 2000 1492 2026 ac
1523 1983 1654 2026 libere

281 2059 444 2104 solutas
466 2077 597 2121 opere
620 2060 824 2118 volitare;
856 2063 917 2105 sic
941 2064 1077 2106 nostri
1103 2063 1235 2107 animi
1260 2063 1507 2107 forensibus
1532 2080 1656 2125 nego·

281 2142 370 2198 tiis,
398 2152 529 2202 atque
556 2142 725 2186 urbano
754 2160 885 2204 opere
916 2143 1094 2202 defessi,
1134 2146 1343 2206 gestiant,
1389 2163 1437 2190 ac
1475 2145 1655 2190 volitare

283 2223 484 2283 cupiant,
511 2224 635 2267 vacui
658 2240 762 2268 cura
787 2241 836 2268 ac
860 2224 1018 2269 labore.

349 2304 501 2363 Itaque
543 2303 672 2360 illud,
713 2305 831 2364 quod
864 2322 945 2367 ego
980 2307 1023 2349 in
1064 2324 1189 2351 causa
1229 2310 1421 2352 Curiana
1458 2308 1657 2353 Scaevolae

284 2382 398 2440 dixi,
426 2400 513 2427 non
537 2384 625 2428 dixi
652 2403 797 2442 secus,
828 2403 878 2430 ac
905 2387 1157 2431 sentiebam.
1193 2410 1212 2429 «
1234 2391 1346 2433 Nam
1373 2391 1429 2444 si,
1456 2391 1656 2449 inquam,

284 2464 531 2520 «Scaevola,
562 2465 732 2510 nullum
757 2468 835 2510 erit
874 2478 1184 2513 testamentum
1213 2480 1330 2513 recte
1360 2470 1545 2526 factum,
1577 2471 1657 2513 nisi

284 2565 303 2585 «
321 2545 438 2605 quod
460 2555 506 2589 tu
532 2548 776 2606 scripseris,
811 2566 961 2593 omnes
991 2550 1043 2593 ad
1073 2560 1115 2593 te
1143 2551 1256 2594 cives
1282 2567 1379 2594 eum
1405 2549 1566 2594 tabulis
1593 2568 1659 2594 vc-

285 2646 304 2665 «
322 2627 511 2683 uicinus,
538 2628 733 2671 omnium
755 2639 1014 2674 testamenta
1037 2640 1080 2674 lu
1101 2632 1260 2674 scribes
1287 2647 1396 2674 unus
1419 2648 1426 2673 :
1454 2631 1557 2690 quid
1581 2631 1656 2691 igi²
