1843 3166
737 221 880 256 LIBER
913 225 957 256 n.
1450 230 1518 277 ,59

173 299 401 343 ridiculum
436 312 679 354 convertas,
717 304 997 361 quamobrem
1028 306 1084 347 ita
1115 308 1209 364 quis
1241 320 1439 365 vocetur3
1471 325 1518 355 ut

170 395 249 439 ego
274 397 424 439 nuper,
455 382 705 424 Nummium
737 382 990 435 divisorem,
1027 394 1075 426 ut
1103 385 1435 444 Neoptolemum
1463 391 1513 433 ad

169 460 364 518 Trojam,
405 461 466 502 sic
499 459 620 502 illum
657 461 699 502 in
735 477 886 520 campo
914 464 1071 505 Martio
1100 480 1254 507 nomen
1289 467 1512 511 invenisse.

167 539 308 596 Atque
331 538 420 581 haec
446 540 589 581 omnia
614 539 748 581 verbo
772 542 1058 584 continentur.

230 618 384 659 LXIV.
422 618 540 677 Saepe
567 619 695 660 etiam
719 634 866 662 versus
890 619 1023 663 facete
1048 622 1353 681 interponitur,
1378 624 1443 667 vel
1468 637 1515 669 ut

166 704 252 748 est,
282 695 347 738 vel
373 695 614 755 paullulum
642 698 915 753 immutatus,
953 710 1027 742 aut
1053 699 1196 760 aliqua
1220 719 1317 761 pars
1344 720 1512 759 versus,

167 784 214 817 ut
234 777 395 819 Statius
419 777 580 819 Scauro
606 778 918 833 stomachanti3
960 796 1009 822 cx
1041 797 1126 839 quo
1155 792 1254 824 sunt
1286 783 1480 826 nonnulli
1502 818 1511 834 ,

162 854 235 913 qui
262 863 378 897 tuam
405 854 539 915 legem
566 855 619 898 (le
645 858 818 900 civitate
842 868 1006 912 natam,
1033 861 1208 913 Crasse,
1236 860 1406 904 dicant:

161 968 219 1011 st,
236 974 350 1003 tacete
362 996 370 1011 ‚
391 970 479 1015 quid
498 971 567 1004 hoc
587 970 780 1005 clamoris?
800 971 933 1017 quibus
951 985 1018 1006 nec
1036 979 1164 1016 mater,
1181 986 1248 1008 nec
1265 981 1378 1020 pater,

160 1029 277 1063 Tanta
298 1027 523 1064 confidentia
541 1030 651 1065 estis?
669 1031 805 1066 auferte
823 1032 926 1066 istam
945 1033 1040 1067 enim
1060 1034 1278 1080 superbiam.

223 1130 335 1172 Nam
362 1131 402 1172 in
422 1129 556 1174 Coelio
586 1148 686 1174 sane
711 1132 840 1174 etiam
870 1131 922 1174 ad
948 1148 1119 1176 causam
1148 1132 1253 1177 utile
1278 1134 1359 1178 fuit
1386 1144 1507 1179 tuum

160 1207 286 1264 illud,
310 1212 482 1253 Antoni.

219 1291 370 1346 Quum
393 1289 462 1332 ille
486 1307 510 1332 a
534 1307 577 1332 se
603 1292 828 1349 pecuniam
855 1292 1089 1350 profectam
1119 1292 1279 1336 diceret
1306 1294 1439 1347 testis,
1468 1306 1508 1336 ct

157 1369 335 1412 haberet
359 1369 493 1412 filium
515 1368 805 1413 delicatiorem
824 1405 834 1423 ,
864 1371 1047 1414 abeunte
1066 1373 1154 1430 jam
1184 1371 1276 1426 illo,

258 1472 398 1507 Sentin'
416 1484 540 1507 senem
559 1485 635 1507 esse
655 1480 790 1508 tactum
809 1473 959 1520 triginta
978 1474 1112 1508 minis?

218 1568 270 1608 In
301 1565 381 1608 hoc
411 1582 545 1625 genus
576 1566 869 1625 conjiciuntur
895 1567 1156 1625 proverbia:
1198 1576 1244 1608 ut
1280 1566 1386 1610 illud
1418 1570 1503 1612 Sci-

154 1646 318 1705 pionis,
341 1662 475 1704 quum
494 1644 662 1688 Asellus
679 1661 829 1688 omnes
848 1647 1090 1705 provincias
1115 1646 1323 1706 stipendia
1343 1664 1504 1691 meren-

154 1735 240 1768 tem
265 1742 307 1769 se
330 1741 578 1785 peragrasse
605 1724 880 1784 gloriaretur,
915 1743 934 1763 «
959 1727 1073 1784 Agas
1095 1724 1273 1769 asellum
1291 1761 1301 1779 ‚
1319 1746 1339 1766 >³
1371 1737 1412 1770 et
1437 1745 1503 1770 ce-

153 1815 255 1848 tera.
289 1806 435 1861 Quare
473 1820 520 1847 ea
552 1820 751 1863 quoque,
795 1805 999 1863 quoniam
1034 1806 1209 1848 mutatis
1241 1806 1380 1849 verbis
1415 1824 1500 1850 non

151 1894 333 1944 possunt
352 1885 539 1927 retinere
559 1883 752 1927 eamdem
774 1893 1038 1927 venustatem
1056 1919 1066 1937 ,
1095 1901 1179 1927 non
1201 1886 1245 1927 in
1268 1902 1337 1940 re,
1365 1887 1435 1930 sed
1458 1889 1498 1929 in

151 1965 291 2008 verbis
317 1966 454 2024 posita
481 1963 709 2006 ducantur.

213 2047 288 2088 Est
312 2045 441 2087 etiam
467 2045 511 2086 in
537 2044 669 2087 verbo
698 2045 887 2104 positum
917 2061 1003 2087 non
1030 2044 1238 2088 insulsum
1263 2061 1395 2105 genus
1411 2080 1421 2100 ,
1450 2063 1499 2089 ex

152 2140 224 2179 eo,
251 2140 386 2183 quum
408 2123 463 2166 ad
486 2124 687 2178 verbum,
713 2139 800 2166 non
828 2123 881 2166 ad
908 2125 1163 2167 sententiam
1193 2140 1283 2167 rem
1309 2126 1498 2184 accipere

152 2203 323 2246 videare
353 2220 361 2246 :
394 2220 445 2246 ex
469 2220 554 2262 quo
581 2219 668 2246 uno
701 2219 858 2263 genere
890 2212 1007 2246 totus
1040 2213 1103 2246 est
1132 2205 1312 2259 Toron,
1345 2205 1498 2247 mimus

151 2292 295 2336 vetus,
323 2282 484 2343 oppido
509 2281 732 2326 ridiculus.
767 2282 851 2326 Sed
872 2283 979 2325 abeo
999 2299 1023 2325 a
1046 2284 1208 2337 mimis3
1239 2293 1405 2326 tantum
1427 2300 1493 2342 ge-

153 2379 232 2406 nus
263 2363 391 2422 hujus
415 2361 586 2405 ridiculi
610 2363 768 2422 insigni
794 2361 934 2420 aliqua
960 2372 1001 2405 et
1029 2372 1133 2405 nota
1157 2379 1202 2405 re
1224 2363 1362 2405 notari
1383 2362 1495 2406 volo.

151 2445 229 2487 Est
251 2452 396 2486 autem
420 2458 471 2484 ex
497 2441 579 2485 hoc
603 2457 757 2501 genere
782 2440 911 2496 illud,
936 2441 1053 2500 quod
1077 2451 1145 2497 tu,
1166 2444 1336 2494 Crasse,
1362 2459 1496 2502 nuper

151 2523 213 2580 ei,
238 2523 312 2582 qui
338 2532 378 2566 te
404 2531 619 2582 rogasset,
651 2537 755 2564 num
780 2521 859 2564 tihi
881 2520 1085 2564 molestus
1111 2531 1219 2564 esset
1242 2521 1433 2575 futurus,
1461 2524 1492 2563 si

151 2601 205 2646 ad
223 2612 263 2646 te
283 2603 390 2646 bene
409 2611 508 2645 ante
530 2600 665 2644 lucem
686 2600 872 2644 venisset
892 2618 900 2643 :
926 2621 945 2640 «
965 2603 1029 2645 Tu
1051 2618 1175 2656 vero,
1199 2601 1390 2660 inquisti,
1414 2618 1496 2643 mo-
