1843 3166
709 230 853 264 LIBER
881 231 926 263 11,
1429 252 1491 284 ,7,

140 329 232 355 sum
247 347 257 366 ,
279 333 298 353 «
319 315 416 358 Non
441 315 563 374 potui
589 314 718 368 mihi,
746 315 886 374 inquit
908 316 1078 370 Lamia,
1103 316 1285 362 formam
1309 321 1398 380 ipse
1420 323 1497 366 fin-

141 408 265 453 gere,
293 395 516 454 ingenium
543 394 678 453 potui.
701 413 720 433 »
745 396 857 436 Tum
883 394 970 449 hic,
1000 414 1020 435 «
1042 396 1302 452 Audiamus,
1332 400 1467 459 inquil
1486 437 1495 452 ,

140 472 404 517 disertum.»
431 472 575 517 Multo
597 474 725 516 etiam
751 475 934 517 arrisum
959 484 1022 518 est
1049 476 1358 522 vehementius.
1387 481 1497 524 Sunt

139 553 268 596 etiam
298 552 369 597 illa
397 562 598 610 venusta,
628 562 676 597 ut
706 554 747 597 in
779 555 982 614 gravibus
1006 557 1253 612 sententiis,
1287 559 1346 601 sic
1370 560 1412 603 in
1440 560 1497 603 sa-

137 634 270 677 cetiis.
316 634 417 677 Dixi
454 635 569 678 enim
606 634 794 690 dudum,
837 637 1062 680 materiam
1101 635 1229 681 aliam
1265 654 1353 682 esse
1385 639 1496 699 jori,

137 711 264 756 aliam
285 715 548 770 severitati33
577 716 773 776 gravium
794 726 959 771 autem,
982 718 1233 777 etjocorum
1256 735 1386 762 unam
1407 737 1496 764 esse

135 794 363 838 rationem.

199 875 371 918 Ornant
401 875 535 936 igitur
557 876 598 918 in
627 877 776 936 primis
805 878 1048 920 orationem
1072 878 1203 921 verba
1229 877 1361 923 relata
1391 896 1494 923 con-

135 956 296 999 trarie:
328 956 446 1015 quod
476 956 589 1000 idem
623 973 756 1018 genus
787 974 897 1018 saepe
925 967 988 1002 est
1021 959 1150 1001 etiam
1183 959 1393 1017 facetum3
1422 971 1466 1004 ut
1485 998 1494 1012 ,

134 1035 309 1079 Servius
346 1035 415 1079 ille
447 1035 589 1080 Galba
622 1054 757 1097 quum
788 1037 954 1097 judices
984 1040 1033 1082 L.
1060 1040 1288 1083 Scribonio
1319 1041 1494 1084 tribuno

133 1116 270 1177 plebis
294 1118 424 1162 ferret
446 1118 679 1163 familiares
701 1136 821 1175 suos,
849 1128 892 1162 et
914 1119 1087 1164 dixisset
1107 1121 1239 1173 Libo,
1264 1139 1284 1160 α
1304 1122 1494 1176 Quando

134 1198 331 1255 taudem,
358 1198 521 1251 Galba,
542 1199 596 1242 de
618 1198 805 1243 triclinio
824 1209 898 1243 tuo
921 1199 1084 1243 exibis?
1100 1219 1120 1240 >2
1139 1227 1201 1232 —
1217 1219 1237 1240 «
1257 1201 1404 1257 Quum
1426 1211 1493 1255 tu,

133 1279 295 1339 inquit,
322 1279 374 1322 de
398 1279 600 1323 eubiculo
623 1279 775 1323 alieno.
798 1299 817 1320 n
845 1283 881 1324 A
904 1297 991 1340 quo
1017 1296 1172 1341 genere
1193 1296 1247 1322 ne
1271 1280 1376 1323 illud
1398 1282 1494 1340 qui-

133 1357 228 1402 dem
263 1358 500 1419 plurimum
532 1359 682 1416 distat,
720 1359 838 1420 quod
858 1359 1040 1404 Glaucia
1069 1358 1267 1414 Metello,
1299 1359 1491 1403 «Villam
1534 1382 1535 1385 ¹

132 1439 177 1480 in
196 1439 377 1482 Tiburte
401 1439 553 1494 habes,
580 1449 743 1482 cortem
768 1440 812 1482 in
834 1438 1011 1483 Palatio.
1031 1458 1051 1479 »

195 1519 352 1561 LXVI.
389 1520 451 1562 Ac
482 1518 714 1562 verborum
745 1518 922 1579 quidem
957 1535 1115 1579 genera
1144 1537 1241 1580 quae
1268 1530 1408 1565 essent
1434 1521 1493 1564 fa-

133 1609 249 1654 ceta,
278 1598 435 1643 dixisse
459 1616 526 1643 me
553 1609 678 1659 puto3
716 1616 862 1643 rerum
890 1598 1016 1659 plura
1041 1610 1163 1654 sunt,
1192 1617 1326 1661 eaque
1356 1602 1492 1661 magis

132 1684 200 1735 {ut
219 1679 306 1723 dixi
331 1679 448 1740 ante)
478 1679 677 1723 ridentur
699 1696 708 1722 :
737 1680 782 1722 in
801 1679 959 1739 quibus
979 1688 1041 1722 est
1059 1680 1276 1736 narrati03
1302 1697 1370 1724 res
1392 1698 1492 1724 sane

132 1759 333 1804 difficilis.
354 1759 647 1821 Exprimenda
666 1760 781 1803 enim
800 1769 920 1816 sunt,
943 1769 985 1803 et
1003 1759 1204 1820 ponenda
1223 1771 1323 1804 ante
1345 1761 1491 1805 oeulos

132 1857 204 1894 ea,
234 1857 330 1901 quae
350 1840 583 1884 videantur
607 1857 697 1885 esse
725 1840 998 1896 verisimilia,
1032 1841 1150 1901 quod
1177 1852 1240 1885 est
1264 1843 1489 1903 proprium

131 1922 413 1976 narrationis,
453 1931 493 1965 et
530 1938 625 1982 quae
661 1922 767 1978 sint,
808 1921 925 1981 quod
952 1921 1123 1965 ridiculi
1149 1923 1378 1982 proprium
1401 1932 1490 1974 est,

132 2001 393 2062 subturpia:
425 2002 549 2061 cujus
571 2001 842 2062 exemplum,
871 2010 919 2046 ut
943 2003 1266 2058 brevissimum,
1304 2003 1357 2046 sit
1391 2019 1490 2046 sane

132 2081 266 2137 illud,
295 2082 415 2143 quod
438 2093 539 2127 ante
563 2084 711 2143 posui,
739 2083 882 2127 Crassi
912 2082 965 2126 de
987 2083 1209 2126 Memmio.
1248 2084 1303 2126 Et
1329 2081 1382 2126 ad
1406 2082 1489 2126 hoc·

133 2179 268 2223 genus
293 2162 589 2206 adscribamus
615 2163 745 2206 etiam
769 2163 1038 2206 narrationes
1062 2161 1362 2224 apologorum.

193 2242 402 2286 Trahitur
429 2243 558 2286 etiam
596 2242 758 2303 aliquid
791 2259 842 2286 ex
872 2243 1075 2299 historia,
1116 2252 1187 2297 ut,
1227 2259 1360 2303 quum
1395 2244 1487 2287 Sex.

131 2323 272 2367 Titius
291 2340 333 2368 se
354 2324 643 2368 Cassandram
669 2340 760 2368 esse
782 2324 964 2379 diceret,
991 2342 1011 2363 r<
1029 2322 1193 2367 Multos
1207 2358 1218 2380 ,
1245 2324 1387 2383 inquit
1404 2325 1490 2369 An-

132 2405 296 2460 tonius,
321 2420 498 2465 possum
515 2414 612 2448 tuos
631 2405 782 2465 Ajaces
804 2402 952 2447 Oileos
969 2403 1204 2447 nominare.
1226 2423 1246 2444 »
1271 2406 1346 2447 Est
1361 2403 1487 2447 etiam

131 2502 182 2529 ex
205 2484 516 2540 similitudine3
555 2502 651 2545 quae
684 2495 758 2529 aut
792 2483 1066 2528 collationem
1096 2484 1250 2539 habet,
1289 2494 1364 2526 aut
1392 2493 1486 2526 tan-

133 2581 261 2626 quam
281 2566 525 2627 imaginem.
554 2563 841 2609 Collationem
863 2582 872 2608 z
900 2574 947 2607 ut
971 2563 1041 2608 ille
1062 2564 1215 2608 Gallus
1239 2562 1342 2608 olim
1367 2564 1485 2607 testis

134 2648 177 2690 in
209 2647 433 2702 Pisonem,
463 2662 597 2706 quum
626 2645 981 2689 innumerabilem
1012 2647 1160 2706 Magio
1185 2645 1383 2705 praefecto
1413 2661 1484 2703 pe-
