<?xml version="1.0" encoding="UTF-8"?>
<!DOCTYPE html PUBLIC "-//W3C//DTD XHTML 1.0 Transitional//EN"
    "http://www.w3.org/TR/xhtml1/DTD/xhtml1-transitional.dtd">
<html xmlns="http://www.w3.org/1999/xhtml" xml:lang="en" lang="en">
 <head>
  <title>
</title>
<meta http-equiv="Content-Type" content="text/html;charset=utf-8" />
  <meta name='ocr-system' content='tesseract 3.04.00' />
  <meta name='ocr-capabilities' content='ocr_page ocr_carea ocr_par ocr_line ocrx_word'/>
</head>
<body>
  <div class='ocr_page' id='page_1' title='image "./deoratorelibritr00ciceuoft_0142.png"; bbox 0 0 1843 3166; ppageno 0'>
   <div class='ocr_carea' id='block_1_1' title="bbox 321 182 1160 218">
    <p class='ocr_par' dir='ltr' id='par_1_1' title="bbox 321 182 1160 218">
     <span class='ocr_line' id='line_1_1' title="bbox 321 182 1160 218; baseline -0.001 -1"><span class='ocrx_word' id='word_1_1' title='bbox 321 197 327 217; x_wconf 88' lang='grc' dir='ltr'>ι</span> <span class='ocrx_word' id='word_1_2' title='bbox 341 184 386 216; x_wconf 64' lang='grc' dir='ltr'>’ἴω</span> <span class='ocrx_word' id='word_1_3' title='bbox 833 183 895 217; x_wconf 75' lang='lat' dir='ltr'>DE</span> <span class='ocrx_word' id='word_1_4' title='bbox 923 182 1160 218; x_wconf 79' lang='lat' dir='ltr'>ORATORE</span> 
     </span>
    </p>
   </div>
   <div class='ocr_carea' id='block_1_2' title="bbox 312 266 1708 2593">
    <p class='ocr_par' dir='ltr' id='par_1_2' title="bbox 312 266 1680 393">
     <span class='ocr_line' id='line_1_2' title="bbox 312 266 1680 327; baseline 0 -18"><span class='ocrx_word' id='word_1_5' title='bbox 312 268 521 311; x_wconf 82' lang='lat' dir='ltr'>‹leaturne</span> <span class='ocrx_word' id='word_1_6' title='bbox 552 269 607 322; x_wconf 90' lang='lat' dir='ltr'>is,</span> <span class='ocrx_word' id='word_1_7' title='bbox 638 268 712 327; x_wconf 80' lang='lat' dir='ltr'>qui</span> <span class='ocrx_word' id='word_1_8' title='bbox 740 266 828 311; x_wconf 80' lang='lat' dir='ltr'>lilio</span> <span class='ocrx_word' id='word_1_9' title='bbox 852 277 1025 312; x_wconf 76' lang='lat' dir='ltr'>mortuo</span> <span class='ocrx_word' id='word_1_10' title='bbox 1057 268 1279 311; x_wconf 79' lang='lat' dir='ltr'>institutus</span> <span class='ocrx_word' id='word_1_11' title='bbox 1303 267 1425 310; x_wconf 78' lang='lat' dir='ltr'>lieres</span> <span class='ocrx_word' id='word_1_12' title='bbox 1449 267 1523 322; x_wconf 85' lang='lat' dir='ltr'>sit,</span> <span class='ocrx_word' id='word_1_13' title='bbox 1558 266 1680 309; x_wconf 80' lang='lat' dir='ltr'>heres</span> 
     </span>
     <span class='ocr_line' id='line_1_3' title="bbox 312 365 414 393; baseline 0 -1"><span class='ocrx_word' id='word_1_14' title='bbox 312 365 414 393; x_wconf 83' lang='lat' dir='ltr'>esse.</span> 
     </span>
    </p>

    <p class='ocr_par' dir='ltr' id='par_1_3' title="bbox 314 428 1699 1603">
     <span class='ocr_line' id='line_1_4' title="bbox 375 428 1683 492; baseline -0.003 -18"><span class='ocrx_word' id='word_1_15' title='bbox 375 433 582 476; x_wconf 80' lang='lat' dir='ltr'>XXXIII.</span> <span class='ocrx_word' id='word_1_16' title='bbox 603 432 803 491; x_wconf 83' lang='lat' dir='ltr'>Perpetui</span> <span class='ocrx_word' id='word_1_17' title='bbox 815 431 945 490; x_wconf 89' lang='lat' dir='ltr'>juris,</span> <span class='ocrx_word' id='word_1_18' title='bbox 959 441 1001 474; x_wconf 88' lang='lat' dir='ltr'>ct</span> <span class='ocrx_word' id='word_1_19' title='bbox 1017 431 1203 474; x_wconf 86' lang='lat' dir='ltr'>universi</span> <span class='ocrx_word' id='word_1_20' title='bbox 1217 430 1384 492; x_wconf 86' lang='lat' dir='ltr'>generis</span> <span class='ocrx_word' id='word_1_21' title='bbox 1399 428 1578 489; x_wconf 81' lang='lat' dir='ltr'>quaestio</span> <span class='ocrx_word' id='word_1_22' title='bbox 1595 443 1683 471; x_wconf 91' lang='lat' dir='ltr'>non</span> 
     </span>
     <span class='ocr_line' id='line_1_5' title="bbox 314 510 1686 571; baseline -0.003 -15"><span class='ocrx_word' id='word_1_23' title='bbox 314 513 539 556; x_wconf 80' lang='lat' dir='ltr'>hominum</span> <span class='ocrx_word' id='word_1_24' title='bbox 562 514 760 566; x_wconf 83' lang='lat' dir='ltr'>nomina,</span> <span class='ocrx_word' id='word_1_25' title='bbox 789 511 862 555; x_wconf 91' lang='lat' dir='ltr'>sed</span> <span class='ocrx_word' id='word_1_26' title='bbox 887 513 1098 555; x_wconf 83' lang='lat' dir='ltr'>rationein</span> <span class='ocrx_word' id='word_1_27' title='bbox 1124 510 1320 567; x_wconf 86' lang='lat' dir='ltr'>dicendi,</span> <span class='ocrx_word' id='word_1_28' title='bbox 1346 519 1388 553; x_wconf 90' lang='lat' dir='ltr'>et</span> <span class='ocrx_word' id='word_1_29' title='bbox 1411 519 1686 571; x_wconf 82' lang='lat' dir='ltr'>argumento-</span> 
     </span>
     <span class='ocr_line' id='line_1_6' title="bbox 314 589 1686 653; baseline -0.003 -16"><span class='ocrx_word' id='word_1_30' title='bbox 314 611 408 637; x_wconf 78' lang='lat' dir='ltr'>ruin</span> <span class='ocrx_word' id='word_1_31' title='bbox 426 593 564 637; x_wconf 88' lang='lat' dir='ltr'>sontes</span> <span class='ocrx_word' id='word_1_32' title='bbox 579 593 867 636; x_wconf 82' lang='lat' dir='ltr'>desiderat.1n</span> <span class='ocrx_word' id='word_1_33' title='bbox 882 610 969 653; x_wconf 85' lang='lat' dir='ltr'>quo</span> <span class='ocrx_word' id='word_1_34' title='bbox 984 594 1112 636; x_wconf 83' lang='lat' dir='ltr'>ctiam</span> <span class='ocrx_word' id='word_1_35' title='bbox 1129 593 1198 636; x_wconf 86' lang='lat' dir='ltr'>isti</span> <span class='ocrx_word' id='word_1_36' title='bbox 1214 589 1597 651; x_wconf 85' lang='lat' dir='ltr'>nosjurisconsulti</span> <span class='ocrx_word' id='word_1_37' title='bbox 1615 592 1686 634; x_wconf 87' lang='lat' dir='ltr'>im-</span> 
     </span>
     <span class='ocr_line' id='line_1_7' title="bbox 314 671 1688 736; baseline -0.004 -18"><span class='ocrx_word' id='word_1_38' title='bbox 314 675 518 736; x_wconf 85' lang='lat' dir='ltr'>pediunt,</span> <span class='ocrx_word' id='word_1_39' title='bbox 538 692 562 718; x_wconf 87' lang='lat' dir='ltr'>a</span> <span class='ocrx_word' id='word_1_40' title='bbox 583 675 875 735; x_wconf 82' lang='lat' dir='ltr'><strong>discendoque</strong></span> <span class='ocrx_word' id='word_1_41' title='bbox 895 674 1129 720; x_wconf 79' lang='lat' dir='ltr'>deterrent.</span> <span class='ocrx_word' id='word_1_42' title='bbox 1149 673 1288 718; x_wconf 88' lang='lat' dir='ltr'>Video</span> <span class='ocrx_word' id='word_1_43' title='bbox 1313 674 1427 716; x_wconf 90' lang='lat' dir='ltr'>enim</span> <span class='ocrx_word' id='word_1_44' title='bbox 1446 671 1491 715; x_wconf 92' lang='lat' dir='ltr'>in</span> <span class='ocrx_word' id='word_1_45' title='bbox 1509 672 1688 716; x_wconf 83' lang='lat' dir='ltr'>Catonis</span> 
     </span>
     <span class='ocr_line' id='line_1_8' title="bbox 314 753 1688 814; baseline -0.002 -15"><span class='ocrx_word' id='word_1_46' title='bbox 314 767 354 800; x_wconf 82' lang='lat' dir='ltr'>et</span> <span class='ocrx_word' id='word_1_47' title='bbox 371 757 493 800; x_wconf 85' lang='lat' dir='ltr'>Bruti</span> <span class='ocrx_word' id='word_1_48' title='bbox 514 755 635 799; x_wconf 84' lang='lat' dir='ltr'>libris</span> <span class='ocrx_word' id='word_1_49' title='bbox 655 757 911 799; x_wconf 84' lang='lat' dir='ltr'>nominatim</span> <span class='ocrx_word' id='word_1_50' title='bbox 935 754 1024 799; x_wconf 83' lang='lat' dir='ltr'>scre</span> <span class='ocrx_word' id='word_1_51' title='bbox 1043 754 1219 807; x_wconf 84' lang='lat' dir='ltr'>referri,</span> <span class='ocrx_word' id='word_1_52' title='bbox 1244 754 1349 814; x_wconf 86' lang='lat' dir='ltr'>quid</span> <span class='ocrx_word' id='word_1_53' title='bbox 1372 753 1501 799; x_wconf 89' lang='lat' dir='ltr'>alicui</span> <span class='ocrx_word' id='word_1_54' title='bbox 1519 754 1572 798; x_wconf 90' lang='lat' dir='ltr'>de</span> <span class='ocrx_word' id='word_1_55' title='bbox 1591 754 1688 814; x_wconf 89' lang='lat' dir='ltr'>jure</span> 
     </span>
     <span class='ocr_line' id='line_1_9' title="bbox 317 834 1690 897; baseline -0.001 -19"><span class='ocrx_word' id='word_1_56' title='bbox 317 839 409 880; x_wconf 89' lang='lat' dir='ltr'>viro</span> <span class='ocrx_word' id='word_1_57' title='bbox 424 846 496 880; x_wconf 86' lang='lat' dir='ltr'>aut</span> <span class='ocrx_word' id='word_1_58' title='bbox 510 835 681 879; x_wconf 87' lang='lat' dir='ltr'>mulieri</span> <span class='ocrx_word' id='word_1_59' title='bbox 699 835 1004 897; x_wconf 79' lang='lat' dir='ltr'>responderint</span> <span class='ocrx_word' id='word_1_60' title='bbox 1022 854 1030 878; x_wconf 90' lang='lat'>:</span> <span class='ocrx_word' id='word_1_61' title='bbox 1047 834 1191 890; x_wconf 83' lang='lat' dir='ltr'>credo,</span> <span class='ocrx_word' id='word_1_62' title='bbox 1209 844 1255 878; x_wconf 90' lang='lat' dir='ltr'>ut</span> <span class='ocrx_word' id='word_1_63' title='bbox 1272 845 1546 896; x_wconf 84' lang='lat' dir='ltr'>putaremus,</span> <span class='ocrx_word' id='word_1_64' title='bbox 1558 836 1601 878; x_wconf 92' lang='lat' dir='ltr'>in</span> <span class='ocrx_word' id='word_1_65' title='bbox 1616 835 1690 877; x_wconf 89' lang='lat' dir='ltr'>ho-</span> 
     </span>
     <span class='ocr_line' id='line_1_10' title="bbox 317 915 1688 973; baseline -0.001 -13"><span class='ocrx_word' id='word_1_66' title='bbox 317 918 526 973; x_wconf 80' lang='lat' dir='ltr'>minibus,</span> <span class='ocrx_word' id='word_1_67' title='bbox 550 935 635 961; x_wconf 91' lang='lat' dir='ltr'>non</span> <span class='ocrx_word' id='word_1_68' title='bbox 653 917 696 959; x_wconf 89' lang='lat' dir='ltr'>in</span> <span class='ocrx_word' id='word_1_69' title='bbox 712 933 775 972; x_wconf 89' lang='lat' dir='ltr'>rc,</span> <span class='ocrx_word' id='word_1_70' title='bbox 786 915 1118 961; x_wconf 82' lang='lat' dir='ltr'>consultationis</span> <span class='ocrx_word' id='word_1_71' title='bbox 1131 926 1204 960; x_wconf 89' lang='lat' dir='ltr'>aut</span> <span class='ocrx_word' id='word_1_72' title='bbox 1220 916 1505 959; x_wconf 84' lang='lat' dir='ltr'>dubitationis</span> <span class='ocrx_word' id='word_1_73' title='bbox 1517 931 1688 959; x_wconf 85' lang='lat' dir='ltr'>causam</span> 
     </span>
     <span class='ocr_line' id='line_1_11' title="bbox 317 996 1692 1057; baseline 0 -17"><span class='ocrx_word' id='word_1_74' title='bbox 317 997 504 1057; x_wconf 83' lang='lat' dir='ltr'>aliquam</span> <span class='ocrx_word' id='word_1_75' title='bbox 526 996 684 1053; x_wconf 83' lang='lat' dir='ltr'>fuisse;</span> <span class='ocrx_word' id='word_1_76' title='bbox 709 1007 783 1052; x_wconf 88' lang='lat' dir='ltr'>ut,</span> <span class='ocrx_word' id='word_1_77' title='bbox 809 996 927 1056; x_wconf 89' lang='lat' dir='ltr'>quod</span> <span class='ocrx_word' id='word_1_78' title='bbox 944 996 1141 1040; x_wconf 87' lang='lat' dir='ltr'>homines</span> <span class='ocrx_word' id='word_1_79' title='bbox 1161 1007 1303 1041; x_wconf 88' lang='lat' dir='ltr'>essent</span> <span class='ocrx_word' id='word_1_80' title='bbox 1326 996 1663 1040; x_wconf 83' lang='lat' dir='ltr'>innumerabiles</span> <span class='ocrx_word' id='word_1_81' title='bbox 1681 1031 1692 1051; x_wconf 91' lang='lat'>,</span> 
     </span>
     <span class='ocr_line' id='line_1_12' title="bbox 317 1075 1692 1138; baseline 0.001 -19"><span class='ocrx_word' id='word_1_82' title='bbox 317 1076 527 1120; x_wconf 86' lang='lat' dir='ltr'>debilitati</span> <span class='ocrx_word' id='word_1_83' title='bbox 553 1093 575 1120; x_wconf 85' lang='lat' dir='ltr'>a</span> <span class='ocrx_word' id='word_1_84' title='bbox 597 1077 696 1137; x_wconf 90' lang='lat' dir='ltr'>jure</span> <span class='ocrx_word' id='word_1_85' title='bbox 723 1076 1044 1138; x_wconf 85' lang='lat' dir='ltr'>cognoscendo,</span> <span class='ocrx_word' id='word_1_86' title='bbox 1067 1075 1340 1121; x_wconf 84' lang='lat' dir='ltr'>voluntatem</span> <span class='ocrx_word' id='word_1_87' title='bbox 1357 1076 1549 1120; x_wconf 90' lang='lat' dir='ltr'>discendi</span> <span class='ocrx_word' id='word_1_88' title='bbox 1563 1075 1692 1121; x_wconf 89' lang='lat' dir='ltr'>simul</span> 
     </span>
     <span class='ocr_line' id='line_1_13' title="bbox 317 1156 1693 1219; baseline 0 -18"><span class='ocrx_word' id='word_1_89' title='bbox 317 1174 417 1201; x_wconf 87' lang='lat' dir='ltr'>cum</span> <span class='ocrx_word' id='word_1_90' title='bbox 438 1173 512 1219; x_wconf 84' lang='lat' dir='ltr'>spe</span> <span class='ocrx_word' id='word_1_91' title='bbox 541 1156 812 1218; x_wconf 83' lang='lat' dir='ltr'>perdiscendi</span> <span class='ocrx_word' id='word_1_92' title='bbox 848 1157 1145 1216; x_wconf 84' lang='lat' dir='ltr'>abjiceremus.</span> <span class='ocrx_word' id='word_1_93' title='bbox 1182 1157 1266 1201; x_wconf 89' lang='lat' dir='ltr'>Sed</span> <span class='ocrx_word' id='word_1_94' title='bbox 1299 1158 1389 1201; x_wconf 85' lang='lat' dir='ltr'>haec</span> <span class='ocrx_word' id='word_1_95' title='bbox 1419 1159 1600 1202; x_wconf 87' lang='lat' dir='ltr'>Crassus</span> <span class='ocrx_word' id='word_1_96' title='bbox 1618 1157 1693 1201; x_wconf 83' lang='lat' dir='ltr'>ali-</span> 
     </span>
     <span class='ocr_line' id='line_1_14' title="bbox 319 1237 1693 1300; baseline 0.001 -19"><span class='ocrx_word' id='word_1_97' title='bbox 319 1238 496 1298; x_wconf 89' lang='lat' dir='ltr'>quando</span> <span class='ocrx_word' id='word_1_98' title='bbox 520 1239 645 1282; x_wconf 88' lang='lat' dir='ltr'>nobis</span> <span class='ocrx_word' id='word_1_99' title='bbox 666 1237 884 1298; x_wconf 78' lang='lat' dir='ltr'>expediet,</span> <span class='ocrx_word' id='word_1_100' title='bbox 913 1247 956 1281; x_wconf 89' lang='lat' dir='ltr'>et</span> <span class='ocrx_word' id='word_1_101' title='bbox 980 1248 1168 1298; x_wconf 84' lang='lat' dir='ltr'>exponet</span> <span class='ocrx_word' id='word_1_102' title='bbox 1189 1238 1406 1299; x_wconf 83' lang='lat' dir='ltr'>descripta</span> <span class='ocrx_word' id='word_1_103' title='bbox 1428 1240 1664 1300; x_wconf 86' lang='lat' dir='ltr'>generatim</span> <span class='ocrx_word' id='word_1_104' title='bbox 1685 1256 1693 1282; x_wconf 74' lang='grc' dir='ltr'>ε</span> 
     </span>
     <span class='ocr_line' id='line_1_15' title="bbox 321 1319 1696 1375; baseline 0.001 -13"><span class='ocrx_word' id='word_1_105' title='bbox 321 1328 382 1362; x_wconf 86' lang='lat' dir='ltr'>est</span> <span class='ocrx_word' id='word_1_106' title='bbox 409 1319 545 1375; x_wconf 90' lang='lat' dir='ltr'>enim,</span> <span class='ocrx_word' id='word_1_107' title='bbox 571 1335 625 1362; x_wconf 92' lang='lat' dir='ltr'>ne</span> <span class='ocrx_word' id='word_1_108' title='bbox 651 1319 762 1362; x_wconf 86' lang='lat' dir='ltr'>forte</span> <span class='ocrx_word' id='word_1_109' title='bbox 790 1319 973 1373; x_wconf 89' lang='lat' dir='ltr'>nescias,</span> <span class='ocrx_word' id='word_1_110' title='bbox 1004 1319 1097 1363; x_wconf 84' lang='lat' dir='ltr'>heri</span> <span class='ocrx_word' id='word_1_111' title='bbox 1126 1320 1251 1362; x_wconf 90' lang='lat' dir='ltr'>nobis</span> <span class='ocrx_word' id='word_1_112' title='bbox 1282 1319 1352 1362; x_wconf 90' lang='lat' dir='ltr'>ille</span> <span class='ocrx_word' id='word_1_113' title='bbox 1384 1321 1488 1375; x_wconf 88' lang='lat' dir='ltr'>hoc,</span> <span class='ocrx_word' id='word_1_114' title='bbox 1518 1319 1696 1375; x_wconf 79' lang='lat' dir='ltr'>Catule,</span> 
     </span>
     <span class='ocr_line' id='line_1_16' title="bbox 324 1398 1696 1462; baseline 0.002 -20"><span class='ocrx_word' id='word_1_115' title='bbox 324 1398 545 1460; x_wconf 84' lang='lat' dir='ltr'>pollicitus</span> <span class='ocrx_word' id='word_1_116' title='bbox 562 1433 572 1454; x_wconf 93' lang='lat'>,</span> <span class='ocrx_word' id='word_1_117' title='bbox 587 1400 712 1459; x_wconf 86' lang='lat' dir='ltr'>sejus</span> <span class='ocrx_word' id='word_1_118' title='bbox 724 1398 873 1455; x_wconf 83' lang='lat' dir='ltr'>civile,</span> <span class='ocrx_word' id='word_1_119' title='bbox 894 1399 1012 1459; x_wconf 89' lang='lat' dir='ltr'>quod</span> <span class='ocrx_word' id='word_1_120' title='bbox 1028 1416 1144 1443; x_wconf 93' lang='lat' dir='ltr'>nunc</span> <span class='ocrx_word' id='word_1_121' title='bbox 1158 1399 1364 1444; x_wconf 86' lang='lat' dir='ltr'>diffusum</span> <span class='ocrx_word' id='word_1_122' title='bbox 1381 1411 1422 1444; x_wconf 88' lang='lat' dir='ltr'>et</span> <span class='ocrx_word' id='word_1_123' title='bbox 1438 1401 1696 1462; x_wconf 86' lang='lat' dir='ltr'>dissipatum</span> 
     </span>
     <span class='ocr_line' id='line_1_17' title="bbox 323 1480 1699 1541; baseline 0.004 -19"><span class='ocrx_word' id='word_1_124' title='bbox 323 1489 411 1534; x_wconf 86' lang='lat' dir='ltr'>est,</span> <span class='ocrx_word' id='word_1_125' title='bbox 444 1481 488 1522; x_wconf 92' lang='lat' dir='ltr'>in</span> <span class='ocrx_word' id='word_1_126' title='bbox 511 1490 627 1524; x_wconf 87' lang='lat' dir='ltr'>certa</span> <span class='ocrx_word' id='word_1_127' title='bbox 656 1497 814 1541; x_wconf 81' lang='lat' dir='ltr'>genera</span> <span class='ocrx_word' id='word_1_128' title='bbox 844 1490 1127 1536; x_wconf 86' lang='lat' dir='ltr'>coacturum,</span> <span class='ocrx_word' id='word_1_129' title='bbox 1155 1491 1197 1525; x_wconf 91' lang='lat' dir='ltr'>et</span> <span class='ocrx_word' id='word_1_130' title='bbox 1224 1480 1277 1524; x_wconf 87' lang='lat' dir='ltr'>ad</span> <span class='ocrx_word' id='word_1_131' title='bbox 1315 1492 1453 1525; x_wconf 86' lang='lat' dir='ltr'>artem</span> <span class='ocrx_word' id='word_1_132' title='bbox 1482 1481 1606 1526; x_wconf 88' lang='lat' dir='ltr'>facile</span> <span class='ocrx_word' id='word_1_133' title='bbox 1631 1499 1699 1526; x_wconf 85' lang='lat' dir='ltr'>re-</span> 
     </span>
     <span class='ocr_line' id='line_1_18' title="bbox 326 1559 568 1603; baseline -0.004 -2"><span class='ocrx_word' id='word_1_134' title='bbox 326 1559 568 1603; x_wconf 80' lang='lat' dir='ltr'>(lacturum.</span> 
     </span>
    </p>

    <p class='ocr_par' dir='ltr' id='par_1_4' title="bbox 326 1640 1702 2023">
     <span class='ocr_line' id='line_1_19' title="bbox 386 1640 1697 1704; baseline 0.003 -21"><span class='ocrx_word' id='word_1_135' title='bbox 386 1668 450 1673; x_wconf 91' lang='lat'>—</span> <span class='ocrx_word' id='word_1_136' title='bbox 477 1643 533 1684; x_wconf 86' lang='lat' dir='ltr'>Et</span> <span class='ocrx_word' id='word_1_137' title='bbox 559 1641 757 1701; x_wconf 87' lang='lat' dir='ltr'>quidem,</span> <span class='ocrx_word' id='word_1_138' title='bbox 791 1642 932 1701; x_wconf 88' lang='lat' dir='ltr'>inquit</span> <span class='ocrx_word' id='word_1_139' title='bbox 961 1640 1171 1698; x_wconf 67' lang='lat' dir='ltr'>Catulus,</span> <span class='ocrx_word' id='word_1_140' title='bbox 1199 1642 1540 1704; x_wconf 83' lang='lat' dir='ltr'>haudquaquam</span> <span class='ocrx_word' id='word_1_141' title='bbox 1571 1645 1613 1688; x_wconf 91' lang='lat' dir='ltr'>id</span> <span class='ocrx_word' id='word_1_142' title='bbox 1637 1656 1697 1689; x_wconf 85' lang='lat' dir='ltr'>est</span> 
     </span>
     <span class='ocr_line' id='line_1_20' title="bbox 326 1721 1701 1785; baseline 0.004 -20"><span class='ocrx_word' id='word_1_143' title='bbox 326 1721 500 1766; x_wconf 87' lang='lat' dir='ltr'>difficile</span> <span class='ocrx_word' id='word_1_144' title='bbox 516 1724 674 1766; x_wconf 81' lang='lat' dir='ltr'>Crasso</span> <span class='ocrx_word' id='word_1_145' title='bbox 687 1757 698 1779; x_wconf 91' lang='lat'>,</span> <span class='ocrx_word' id='word_1_146' title='bbox 717 1723 790 1782; x_wconf 90' lang='lat' dir='ltr'>qui</span> <span class='ocrx_word' id='word_1_147' title='bbox 807 1733 874 1779; x_wconf 88' lang='lat' dir='ltr'>et,</span> <span class='ocrx_word' id='word_1_148' title='bbox 890 1723 1008 1783; x_wconf 90' lang='lat' dir='ltr'>quod</span> <span class='ocrx_word' id='word_1_149' title='bbox 1024 1723 1129 1767; x_wconf 89' lang='lat' dir='ltr'>disci</span> <span class='ocrx_word' id='word_1_150' title='bbox 1149 1724 1293 1784; x_wconf 86' lang='lat' dir='ltr'>potuit</span> <span class='ocrx_word' id='word_1_151' title='bbox 1319 1723 1371 1768; x_wconf 91' lang='lat' dir='ltr'>de</span> <span class='ocrx_word' id='word_1_152' title='bbox 1385 1725 1503 1785; x_wconf 86' lang='lat' dir='ltr'>jure,</span> <span class='ocrx_word' id='word_1_153' title='bbox 1524 1725 1701 1782; x_wconf 81' lang='lat' dir='ltr'>didicit;</span> 
     </span>
     <span class='ocr_line' id='line_1_21' title="bbox 327 1802 1700 1864; baseline 0.004 -19"><span class='ocrx_word' id='word_1_154' title='bbox 327 1811 389 1858; x_wconf 80' lang='lat' dir='ltr'>ct,</span> <span class='ocrx_word' id='word_1_155' title='bbox 411 1802 528 1862; x_wconf 90' lang='lat' dir='ltr'>quod</span> <span class='ocrx_word' id='word_1_156' title='bbox 545 1803 595 1846; x_wconf 86' lang='lat' dir='ltr'>iis</span> <span class='ocrx_word' id='word_1_157' title='bbox 609 1838 619 1857; x_wconf 94' lang='lat'>,</span> <span class='ocrx_word' id='word_1_158' title='bbox 646 1803 720 1863; x_wconf 88' lang='lat' dir='ltr'>qui</span> <span class='ocrx_word' id='word_1_159' title='bbox 737 1819 835 1846; x_wconf 85' lang='lat' dir='ltr'>eum</span> <span class='ocrx_word' id='word_1_160' title='bbox 853 1802 1119 1858; x_wconf 80' lang='lat' dir='ltr'>docuerunt,</span> <span class='ocrx_word' id='word_1_161' title='bbox 1137 1803 1296 1860; x_wconf 79' lang='lat' dir='ltr'>defuit,</span> <span class='ocrx_word' id='word_1_162' title='bbox 1327 1805 1418 1864; x_wconf 90' lang='lat' dir='ltr'>ipse</span> <span class='ocrx_word' id='word_1_163' title='bbox 1433 1804 1584 1849; x_wconf 84' lang='lat' dir='ltr'>afferet</span> <span class='ocrx_word' id='word_1_164' title='bbox 1602 1823 1612 1849; x_wconf 75' lang='grc' dir='ltr'>ε</span> <span class='ocrx_word' id='word_1_165' title='bbox 1629 1816 1700 1858; x_wconf 86' lang='lat' dir='ltr'>ut,</span> 
     </span>
     <span class='ocr_line' id='line_1_22' title="bbox 329 1883 1702 1945; baseline 0.003 -19"><span class='ocrx_word' id='word_1_166' title='bbox 329 1899 423 1942; x_wconf 87' lang='lat' dir='ltr'>quae</span> <span class='ocrx_word' id='word_1_167' title='bbox 439 1884 521 1927; x_wconf 88' lang='lat' dir='ltr'>sint</span> <span class='ocrx_word' id='word_1_168' title='bbox 544 1884 585 1926; x_wconf 90' lang='lat' dir='ltr'>in</span> <span class='ocrx_word' id='word_1_169' title='bbox 608 1884 722 1943; x_wconf 82' lang='lat' dir='ltr'>jure,</span> <span class='ocrx_word' id='word_1_170' title='bbox 746 1883 812 1928; x_wconf 87' lang='lat' dir='ltr'>vel</span> <span class='ocrx_word' id='word_1_171' title='bbox 831 1894 931 1945; x_wconf 85' lang='lat' dir='ltr'>apte</span> <span class='ocrx_word' id='word_1_172' title='bbox 950 1883 1210 1939; x_wconf 79' lang='lat' dir='ltr'>describere,</span> <span class='ocrx_word' id='word_1_173' title='bbox 1234 1883 1299 1928; x_wconf 88' lang='lat' dir='ltr'>vel</span> <span class='ocrx_word' id='word_1_174' title='bbox 1317 1896 1469 1929; x_wconf 83' lang='lat' dir='ltr'>ornate</span> <span class='ocrx_word' id='word_1_175' title='bbox 1484 1885 1702 1930; x_wconf 79' lang='lat' dir='ltr'>illustrare</span> 
     </span>
     <span class='ocr_line' id='line_1_23' title="bbox 330 1963 478 2023; baseline 0 -17"><span class='ocrx_word' id='word_1_176' title='bbox 330 1963 478 2023; x_wconf 88' lang='lat' dir='ltr'>possit.</span> 
     </span>
    </p>

    <p class='ocr_par' dir='ltr' id='par_1_5' title="bbox 332 2047 1705 2264">
     <span class='ocr_line' id='line_1_24' title="bbox 393 2047 1705 2106; baseline 0.003 -18"><span class='ocrx_word' id='word_1_177' title='bbox 393 2072 455 2077; x_wconf 92' lang='lat'>--—</span> <span class='ocrx_word' id='word_1_178' title='bbox 473 2047 590 2105; x_wconf 81' lang='lat' dir='ltr'>Ergo</span> <span class='ocrx_word' id='word_1_179' title='bbox 617 2047 717 2101; x_wconf 84' lang='lat' dir='ltr'>ista,</span> <span class='ocrx_word' id='word_1_180' title='bbox 759 2047 903 2106; x_wconf 89' lang='lat' dir='ltr'>inquit</span> <span class='ocrx_word' id='word_1_181' title='bbox 932 2048 1176 2101; x_wconf 89' lang='lat' dir='ltr'>Antonius,</span> <span class='ocrx_word' id='word_1_182' title='bbox 1214 2057 1305 2090; x_wconf 81' lang='lat' dir='ltr'>tum</span> <span class='ocrx_word' id='word_1_183' title='bbox 1337 2064 1358 2090; x_wconf 86' lang='lat' dir='ltr'>a</span> <span class='ocrx_word' id='word_1_184' title='bbox 1387 2049 1544 2091; x_wconf 82' lang='lat' dir='ltr'>Crasso</span> <span class='ocrx_word' id='word_1_185' title='bbox 1571 2048 1705 2092; x_wconf 90' lang='lat' dir='ltr'>disce-</span> 
     </span>
     <span class='ocr_line' id='line_1_25' title="bbox 332 2125 1705 2189; baseline 0.004 -23"><span class='ocrx_word' id='word_1_186' title='bbox 332 2140 446 2180; x_wconf 87' lang='lat' dir='ltr'>mus,</span> <span class='ocrx_word' id='word_1_187' title='bbox 464 2141 599 2184; x_wconf 87' lang='lat' dir='ltr'>quum</span> <span class='ocrx_word' id='word_1_188' title='bbox 622 2142 666 2168; x_wconf 90' lang='lat' dir='ltr'>se</span> <span class='ocrx_word' id='word_1_189' title='bbox 685 2125 737 2168; x_wconf 91' lang='lat' dir='ltr'>de</span> <span class='ocrx_word' id='word_1_190' title='bbox 754 2126 879 2169; x_wconf 85' lang='lat' dir='ltr'>turba</span> <span class='ocrx_word' id='word_1_191' title='bbox 895 2136 936 2169; x_wconf 88' lang='lat' dir='ltr'>ct</span> <span class='ocrx_word' id='word_1_192' title='bbox 951 2143 976 2169; x_wconf 83' lang='lat' dir='ltr'>a</span> <span class='ocrx_word' id='word_1_193' title='bbox 995 2126 1207 2171; x_wconf 85' lang='lat' dir='ltr'>subselliis</span> <span class='ocrx_word' id='word_1_194' title='bbox 1223 2128 1265 2170; x_wconf 84' lang='lat' dir='ltr'>in</span> <span class='ocrx_word' id='word_1_195' title='bbox 1283 2128 1419 2170; x_wconf 85' lang='lat' dir='ltr'>otium</span> <span class='ocrx_word' id='word_1_196' title='bbox 1433 2163 1443 2182; x_wconf 95' lang='lat'>,</span> <span class='ocrx_word' id='word_1_197' title='bbox 1464 2138 1512 2171; x_wconf 91' lang='lat' dir='ltr'>ut</span> <span class='ocrx_word' id='word_1_198' title='bbox 1527 2130 1705 2189; x_wconf 81' lang='lat' dir='ltr'>cogitat,</span> 
     </span>
     <span class='ocr_line' id='line_1_26' title="bbox 333 2203 849 2264; baseline 0.004 -17"><span class='ocrx_word' id='word_1_199' title='bbox 333 2203 578 2264; x_wconf 88' lang='lat' dir='ltr'>soliumque</span> <span class='ocrx_word' id='word_1_200' title='bbox 601 2204 849 2250; x_wconf 88' lang='lat' dir='ltr'>contulerit.</span> 
     </span>
    </p>

    <p class='ocr_par' dir='ltr' id='par_1_6' title="bbox 336 2286 1708 2593">
     <span class='ocr_line' id='line_1_27' title="bbox 397 2286 1704 2349; baseline 0.005 -21"><span class='ocrx_word' id='word_1_201' title='bbox 397 2312 460 2318; x_wconf 80' lang='lat'>·—</span> <span class='ocrx_word' id='word_1_202' title='bbox 477 2288 572 2329; x_wconf 88' lang='lat' dir='ltr'>Jam</span> <span class='ocrx_word' id='word_1_203' title='bbox 592 2286 635 2329; x_wconf 90' lang='lat' dir='ltr'>id</span> <span class='ocrx_word' id='word_1_204' title='bbox 652 2287 827 2346; x_wconf 89' lang='lat' dir='ltr'>quidem</span> <span class='ocrx_word' id='word_1_205' title='bbox 844 2305 975 2348; x_wconf 76' lang='lat' dir='ltr'>saepe,</span> <span class='ocrx_word' id='word_1_206' title='bbox 1001 2290 1143 2349; x_wconf 89' lang='lat' dir='ltr'>inquit</span> <span class='ocrx_word' id='word_1_207' title='bbox 1161 2289 1364 2345; x_wconf 85' lang='lat' dir='ltr'>Catulus,</span> <span class='ocrx_word' id='word_1_208' title='bbox 1393 2307 1442 2334; x_wconf 82' lang='lat' dir='ltr'>cx</span> <span class='ocrx_word' id='word_1_209' title='bbox 1464 2307 1515 2334; x_wconf 92' lang='lat' dir='ltr'>eo</span> <span class='ocrx_word' id='word_1_210' title='bbox 1534 2290 1704 2344; x_wconf 85' lang='lat' dir='ltr'>audivi,</span> 
     </span>
     <span class='ocr_line' id='line_1_28' title="bbox 336 2367 1708 2431; baseline 0.004 -21"><span class='ocrx_word' id='word_1_211' title='bbox 336 2382 471 2426; x_wconf 88' lang='lat' dir='ltr'>quum</span> <span class='ocrx_word' id='word_1_212' title='bbox 487 2367 671 2420; x_wconf 89' lang='lat' dir='ltr'>diceret,</span> <span class='ocrx_word' id='word_1_213' title='bbox 690 2368 768 2410; x_wconf 89' lang='lat' dir='ltr'>sibi</span> <span class='ocrx_word' id='word_1_214' title='bbox 786 2378 953 2411; x_wconf 84' lang='lat' dir='ltr'>certum</span> <span class='ocrx_word' id='word_1_215' title='bbox 972 2385 1063 2413; x_wconf 90' lang='lat' dir='ltr'>esse</span> <span class='ocrx_word' id='word_1_216' title='bbox 1077 2404 1088 2424; x_wconf 96' lang='lat'>,</span> <span class='ocrx_word' id='word_1_217' title='bbox 1109 2386 1133 2412; x_wconf 85' lang='lat' dir='ltr'>a</span> <span class='ocrx_word' id='word_1_218' title='bbox 1146 2370 1320 2429; x_wconf 87' lang='lat' dir='ltr'>judiciis</span> <span class='ocrx_word' id='word_1_219' title='bbox 1333 2372 1558 2431; x_wconf 87' lang='lat' dir='ltr'>causisque</span> <span class='ocrx_word' id='word_1_220' title='bbox 1572 2371 1708 2415; x_wconf 76' lang='lat' dir='ltr'>disce-</span> 
     </span>
     <span class='ocr_line' id='line_1_29' title="bbox 337 2446 1706 2512; baseline 0.004 -22"><span class='ocrx_word' id='word_1_221' title='bbox 337 2446 463 2503; x_wconf 82' lang='lat' dir='ltr'>dere3</span> <span class='ocrx_word' id='word_1_222' title='bbox 493 2446 590 2503; x_wconf 90' lang='lat' dir='ltr'>sed,</span> <span class='ocrx_word' id='word_1_223' title='bbox 620 2457 667 2490; x_wconf 91' lang='lat' dir='ltr'>ut</span> <span class='ocrx_word' id='word_1_224' title='bbox 693 2449 771 2508; x_wconf 88' lang='lat' dir='ltr'>ipsi</span> <span class='ocrx_word' id='word_1_225' title='bbox 795 2448 911 2492; x_wconf 91' lang='lat' dir='ltr'>soleo</span> <span class='ocrx_word' id='word_1_226' title='bbox 930 2449 1092 2506; x_wconf 86' lang='lat' dir='ltr'>dicere,</span> <span class='ocrx_word' id='word_1_227' title='bbox 1122 2468 1209 2494; x_wconf 91' lang='lat' dir='ltr'>non</span> <span class='ocrx_word' id='word_1_228' title='bbox 1231 2451 1377 2495; x_wconf 90' lang='lat' dir='ltr'>licebit</span> <span class='ocrx_word' id='word_1_229' title='bbox 1400 2469 1409 2495; x_wconf 90' lang='lat'>:</span> <span class='ocrx_word' id='word_1_230' title='bbox 1436 2468 1576 2512; x_wconf 90' lang='lat' dir='ltr'>neque</span> <span class='ocrx_word' id='word_1_231' title='bbox 1593 2453 1706 2495; x_wconf 86' lang='lat' dir='ltr'>enim</span> 
     </span>
     <span class='ocr_line' id='line_1_30' title="bbox 339 2528 1707 2593; baseline 0.004 -22"><span class='ocrx_word' id='word_1_232' title='bbox 339 2529 428 2589; x_wconf 90' lang='lat' dir='ltr'>ipse</span> <span class='ocrx_word' id='word_1_233' title='bbox 458 2528 666 2572; x_wconf 86' lang='lat' dir='ltr'>auxilium</span> <span class='ocrx_word' id='word_1_234' title='bbox 692 2546 817 2572; x_wconf 86' lang='lat' dir='ltr'>suum</span> <span class='ocrx_word' id='word_1_235' title='bbox 845 2547 956 2590; x_wconf 76' lang='lat' dir='ltr'>saepe</span> <span class='ocrx_word' id='word_1_236' title='bbox 979 2548 1002 2574; x_wconf 87' lang='lat' dir='ltr'>a</span> <span class='ocrx_word' id='word_1_237' title='bbox 1024 2532 1126 2575; x_wconf 84' lang='lat' dir='ltr'>viris</span> <span class='ocrx_word' id='word_1_238' title='bbox 1150 2533 1276 2576; x_wconf 79' lang='lat' dir='ltr'>honis</span> <span class='ocrx_word' id='word_1_239' title='bbox 1299 2532 1457 2576; x_wconf 85' lang='lat' dir='ltr'>frustra</span> <span class='ocrx_word' id='word_1_240' title='bbox 1485 2532 1707 2593; x_wconf 82' lang='lat' dir='ltr'>implorari</span> 
     </span>
    </p>
   </div>
   <div class='ocr_carea' id='block_1_3' title="bbox 342 2612 1708 2673">
    <p class='ocr_par' dir='ltr' id='par_1_7' title="bbox 342 2612 1708 2673">
     <span class='ocr_line' id='line_1_31' title="bbox 342 2612 1708 2673; baseline 0.003 -20"><span class='ocrx_word' id='word_1_241' title='bbox 342 2612 544 2670; x_wconf 85' lang='lat' dir='ltr'>patietur,</span> <span class='ocrx_word' id='word_1_242' title='bbox 569 2627 708 2670; x_wconf 89' lang='lat' dir='ltr'>neque</span> <span class='ocrx_word' id='word_1_243' title='bbox 728 2612 769 2654; x_wconf 89' lang='lat' dir='ltr'>id</span> <span class='ocrx_word' id='word_1_244' title='bbox 797 2628 920 2672; x_wconf 83' lang='lat' dir='ltr'>aequo</span> <span class='ocrx_word' id='word_1_245' title='bbox 935 2613 1080 2655; x_wconf 84' lang='lat' dir='ltr'>animo</span> <span class='ocrx_word' id='word_1_246' title='bbox 1098 2613 1208 2657; x_wconf 85' lang='lat' dir='ltr'>feret</span> <span class='ocrx_word' id='word_1_247' title='bbox 1232 2614 1403 2670; x_wconf 84' lang='lat' dir='ltr'>civitas;</span> <span class='ocrx_word' id='word_1_248' title='bbox 1432 2630 1527 2673; x_wconf 81' lang='lat' dir='ltr'>quae</span> <span class='ocrx_word' id='word_1_249' title='bbox 1549 2615 1581 2658; x_wconf 86' lang='lat' dir='ltr'>si</span> <span class='ocrx_word' id='word_1_250' title='bbox 1605 2631 1708 2658; x_wconf 76' lang='lat' dir='ltr'>voce</span> 
     </span>
    </p>
   </div>
  </div>
 </body>
</html>
