1843 3166
664 229 1051 263 ADNOTATIONES.
1461 230 1531 275 349

191 307 235 340 ad
255 313 448 352 praetorem
484 303 684 347 deferrent,
719 311 754 338 et
775 304 810 338 in
837 316 877 337 ea
902 304 1026 350 gleba,
1058 310 1231 349 tanquam
1255 304 1290 338 in
1320 310 1398 339 toto
1423 316 1532 352 agrn,

192 367 428 401 vindicarent.
451 366 727 410 Nonnunquam
752 371 787 398 et
816 365 1003 399 surculum
1023 376 1067 398 ex
1096 363 1227 398 arbore
1251 364 1451 399 defractum
1477 365 1530 400 se—

192 428 331 462 rebant.
357 429 475 461 Multa
495 426 539 460 de
567 436 611 458 eo
642 424 716 458 ritu
746 424 959 459 Bressonius
987 425 1024 458 in
1050 424 1227 459 formulis.
1254 426 1383 472 Itaque
1409 425 1533 460 simili-

191 486 283 521 tudo
308 486 545 522 Ciceroniana
562 484 637 518 haec
662 491 716 518 est
738 496 745 518 :
769 485 854 528 Quo
874 484 925 519 illi
943 484 1056 519 modo
1079 483 1261 530 litigantes
1280 484 1318 518 in
1335 492 1438 531 parte
1457 486 1533 533 agri

190 547 319 593 exigua
337 547 489 589 haerent,
507 544 664 579 necdum
684 551 803 578 totum
827 544 1085 588 obtinuerunt;
1109 543 1158 578 sic
1170 542 1426 589 philosophos,
1446 545 1533 579 dum

188 608 344 652 paucula
374 605 541 653 quaedam
567 604 732 639 delibant
758 616 802 638 ex
821 604 1029 647 rhetoricis,
1050 616 1127 638 non
1150 609 1310 637 veterem
1333 604 1533 649 possessio-

190 679 271 700 nem
293 679 338 700 ex
369 673 448 700 toto
475 677 671 712 usurpare,
700 663 805 711 quasi
830 663 1078 710 postliminio;
1111 663 1175 698 sed
1202 662 1416 710 particulam
1442 663 1534 699 illius

191 726 294 773 quasi
318 725 436 760 adhuc
455 725 578 760 alienae
596 724 650 760 rei
669 723 841 770 arripere.
868 725 1001 758 anv.
1051 757 1061 765 .

240 787 325 821 CAP.
362 787 487 821 XXX.
524 787 650 833 Neque
670 785 910 832 procudenda
942 786 1076 832 lingua.
1101 804 1151 810 —
1182 774 1422 819 procudenda
1446 784 1536 820 nihil

188 846 287 880 aliud
317 854 369 881 est
402 859 515 894 quam
549 847 738 887 acuenda3
769 858 852 880 nam
882 845 1127 891 procudendo
1153 845 1291 880 ferrum
1311 844 1353 879 fit
1376 852 1533 880 acutum.

187 906 314 941 Posuit
333 908 408 942 duo
427 907 542 942 verba
561 907 607 941 de
627 918 667 941 re
686 919 759 941 una
774 934 783 951 ,
807 912 849 940 ut
868 905 987 940 statim
1007 919 1015 940 :
1028 914 1161 953 pectus
1179 907 1432 953 complendum
1451 919 1538 941 one—

188 968 420 1014 fundumque.
440 969 571 1014 Itaque
593 967 741 1001 videtur
759 966 958 1014 legendum
977 978 1052 1001 esse
1073 974 1191 1013 atque.
1213 966 1249 1001 Si
1278 973 1397 1001 tamen
1419 979 1543 1002 servos

188 1039 325 1073 neque,
353 1027 596 1074 repetendum
623 1026 691 1062 erit
717 1029 832 1061 solum
853 1026 1105 1074 intelligendo.
1127 1028 1221 1062 ERN.

238 1087 323 1121 Cn».
344 1088 507 1122 XXXII.
530 1087 687 1134 Delphis
701 1099 771 1121 non
790 1087 961 1120 inaurata
980 1094 1116 1121 statua.
1130 1088 1247 1121 Immo
1270 1098 1346 1120 non
1365 1097 1385 1120 a
1405 1086 1538 1121 Graecis

187 1155 305 1183 erecta
324 1148 384 1183 illa
411 1155 549 1193 statua,
568 1147 633 1182 sed
661 1147 807 1194 abipso
835 1147 997 1194 sophista
1023 1146 1092 1181 sihi
1116 1146 1253 1194 posita,
1281 1146 1310 1181 si
1335 1146 1538 1181 audiendus

186 1208 342 1253 Plinius,
370 1208 458 1255 qui,
486 1209 550 1243 lib.
571 1221 721 1252 xxxin,
741 1220 819 1254 cap.
845 1212 891 1249 24
923 1221 930 1242 :
957 1224 971 1238 «
994 1208 1216 1251 Hominum,
1235 1207 1376 1254 inquit,
1399 1206 1538 1253 primus

188 1275 224 1303 et
247 1281 396 1304 auream
415 1276 572 1304 statuam
590 1275 626 1303 et
652 1268 807 1303 solidam
823 1268 978 1315 Gorgias
997 1267 1198 1303 Leontinus
1219 1266 1370 1314 Delphis
1389 1267 1427 1301 in
1446 1273 1537 1301 tem-

187 1329 250 1374 plo
270 1329 339 1364 sibi
357 1328 498 1376 posuit,
519 1341 589 1363 Lxx
611 1328 755 1363 circiter
774 1328 1138 1375 olympiade3tantus
1155 1334 1233 1362 erat
1252 1327 1428 1362 ducendae
1447 1338 1535 1361 ora-

186 1389 287 1423 toriae
306 1389 394 1424 artis
413 1390 586 1436 quaestus!
607 1404 625 1420 υ
650 1388 724 1424 Sed
748 1388 838 1423 nihil
856 1389 924 1422 hac
957 1387 995 1422 in
1013 1394 1119 1435 parte
1145 1386 1233 1422 fidei
1255 1387 1391 1421 habeas
1408 1386 1537 1422 Plinio.

186 1450 332 1484 Praestat
352 1455 387 1484 et
407 1449 576 1484 Ciceroni
599 1449 766 1493 credere,
780 1455 816 1483 et
834 1448 982 1482 Valerio
1002 1449 1122 1491 Max.,
1146 1459 1219 1481 vux
1233 1475 1241 1489 ‚
1265 1445 1327 1489 15,
1347 1452 1382 1480 et
1399 1447 1537 1481 Pausa-

186 1509 269 1554 niae,
288 1510 354 1557 qui
372 1517 492 1545 tamen
516 1523 592 1545 non
618 1521 765 1545 auream
777 1536 787 1551 ,
812 1509 875 1541 sed
888 1509 1094 1541 inauratam
1112 1519 1187 1541 esse
1206 1507 1274 1548 ait,
1293 1506 1317 1540 1.
1343 1518 1378 1539 x.
1397 1508 1486 1539 Pm.

238 1571 324 1606 Cn.
348 1571 527 1604 XXXIV.
555 1569 620 1602 Ad
643 1567 888 1611 clepsydram.
915 1565 1140 1600 Oratoribus
1158 1565 1205 1598 ad
1235 1576 1359 1598 causas
1379 1564 1538 1610 agendas

186 1634 327 1663 certum
354 1636 497 1672 tempus
528 1624 775 1659 definiebatur
800 1636 867 1670 per
893 1623 1147 1671 clepsydram3
1176 1635 1252 1670 quo
1278 1623 1402 1669 elapso
1433 1623 1537 1658 silere

186 1699 331 1721 necesse
350 1693 448 1730 erat3
472 1683 658 1731 fiebatque
680 1696 757 1718 non
776 1696 879 1728 raro,
894 1684 999 1731 quod
1017 1683 1068 1719 ait
1093 1683 1364 1728 Quintilianus,
1383 1695 1458 1727 xn,
1483 1683 1505 1717 6
1527 1697 1535 1717 :

186 1747 434 1781 «Laboratam
463 1751 749 1792 congestamque
775 1745 919 1780 dierum
943 1756 986 1781 ac
1020 1744 1186 1781 noctium
1214 1743 1337 1779 studio
1357 1743 1535 1778 actionem

186 1819 283 1855 aqua
302 1805 600 1842 deficitupssuv.

238 1868 324 1902 Cn.
347 1867 427 1902 XL.
452 1866 497 1899 Ut
506 1878 578 1912 pes
598 1866 634 1900 in
652 1866 747 1901 navi.
769 1865 904 1901 Pedem
926 1866 965 1900 in
985 1865 1071 1901 navi
1082 1871 1228 1913 partem
1249 1871 1447 1899 extremam
1465 1863 1535 1898 veli

186 1929 374 1975 appellant
393 1925 513 1961 Latini
536 1938 577 1960 ac
601 1925 740 1972 Graeci3
767 1939 849 1973 quae
867 1939 953 1973 pars
976 1926 1119 1961 acutior
1137 1932 1173 1960 et
1191 1924 1344 1959 inferior
1362 1924 1409 1958 ad
1434 1924 1536 1958 navis

184 1989 280 2024 latus
297 1987 450 2035 relegari
470 1988 572 2021 solet.
598 1986 671 2021 Alii
696 1999 786 2022 vero
804 1987 929 2022 funem
949 1999 1025 2022 esse
1047 1987 1173 2022 dicunt
1186 2014 1195 2031 ,
1215 1997 1291 2033 quo
1310 1986 1432 2019 velum
1450 1991 1533 2019 ten—

187 2047 297 2092 ditur,
321 2054 386 2083 aut
414 2048 611 2083 relaxatur.
640 2046 834 2094 Virgilius,
858 2048 1026 2089 AEneid.,
1063 2047 1126 2084 lib.
1150 2060 1194 2091 v,
1219 2059 1254 2081 v.
1291 2045 1362 2080 830
1391 2057 1398 2079 :
1426 2060 1440 2075 ἰ
1452 2046 1535 2080 Una

187 2120 313 2143 omnes
331 2108 449 2143 fecere
470 2107 627 2154 pedem,
647 2123 661 2138 υ
684 2107 723 2142 id
737 2113 810 2151 est,
835 2108 914 2142 vela
937 2108 1148 2142 tenderunt.
1163 2106 1345 2149 Catullus,
1374 2117 1432 2148 IV,
1453 2116 1500 2138 20
1525 2117 1533 2138 ε

188 2184 202 2199 «
218 2167 301 2203 Sive
309 2174 510 2215 utrumque
529 2167 674 2214 Jupiter
686 2166 792 2202 simul
806 2168 985 2202 secundus
1007 2167 1192 2202 incidisset
1209 2166 1249 2200 in
1266 2165 1434 2212 pedem.»
1445 2166 1533 2199 Per.

243 2227 291 2261 Ut
306 2239 451 2261 nexum.
472 2226 574 2271 Quid
591 2226 636 2261 sit
646 2239 802 2271 nexum,
821 2226 896 2262 sive
913 2239 1028 2262 nexus
1039 2255 1048 2272 ‚
1063 2239 1179 2275 quum
1197 2226 1243 2261 ad
1260 2225 1319 2272 jus
1337 2223 1442 2260 civile
1453 2236 1535 2270 per-

188 2287 298 2331 tinet,
322 2287 407 2321 vide
427 2287 474 2322 ad
496 2288 652 2333 Topica,
672 2300 705 2322 v.
736 2290 872 2322 Pamv.

239 2349 324 2384 Cn.
345 2349 483 2383 XLIII.
502 2347 621 2392 Quam
640 2348 762 2395 lepide
782 2348 897 2382 lexeis
909 2348 1127 2392 compostoe!
1146 2348 1278 2382 Sensus
1297 2351 1371 2380 est:
1389 2343 1535 2388 Lexeis,

188 2407 226 2442 id
245 2415 314 2452 est,
339 2408 453 2442 verba
471 2414 553 2450 tua,
574 2419 597 2442 o
625 2406 772 2452 Albuti,
797 2406 918 2454 lepide
944 2412 979 2441 et
999 2407 1182 2454 eleganter
1202 2403 1404 2451 composita
1421 2414 1533 2450 coag-

188 2475 422 2515 mentataque
442 2474 528 2502 sunt
547 2467 584 2502 in
615 2468 798 2512 oratione,
817 2474 859 2502 ut
876 2467 914 2502 in
933 2466 1163 2514 pavimento,
1181 2467 1238 2501 vel
1257 2465 1296 2499 in
1321 2465 1534 2499 emblemate

188 2528 444 2572 vermiculato,
464 2540 590 2563 omnes
610 2529 789 2563 tesserulae
811 2534 895 2562 sunt
915 2534 991 2562 arte
1004 2527 1223 2574 compositae.
1237 2524 1433 2560 Tesserulae
1449 2528 1533 2557 sunt

190 2588 322 2636 lapilli,
348 2595 412 2625 aut
438 2590 568 2624 lateres
593 2588 785 2636 quadrati,
813 2588 948 2636 quibus
975 2587 1107 2623 aedium
1131 2587 1247 2623 solum
1276 2581 1532 2620 consternitur.
