1843 3166
698 226 839 259 LIBER
873 226 899 259 1,
1425 226 1469 274 59

182 310 435 370 Percipietis
471 309 601 351 etiam
637 307 752 352 illam
787 326 838 352 cx
871 309 1116 369 cognitione
1144 309 1252 368 juris
1283 311 1468 354 laetitiam

120 401 162 434 et
192 389 484 450 voluptatem,
509 387 648 449 quod,
677 399 886 448 quantum
919 387 1194 448 praestitcrint
1222 391 1355 433 nostri
1383 408 1471 434 ma—

119 472 232 534 jores
259 468 490 530 prudentia
521 469 673 512 ceteris
705 468 929 529 gentibus,
962 477 1054 511 tum
1087 467 1287 512 facillime
1320 469 1474 513 intelli-

120 551 246 611 getis,
278 550 311 593 si
341 566 441 592 cum
476 547 650 592 illorum
679 550 900 608 Lycurgo,
927 559 970 592 et
991 550 1214 604 Dracone,
1241 559 1283 592 ct
1318 549 1475 593 Solone

119 639 286 673 nostras
315 626 430 690 leges
462 627 657 672 conferre
690 627 926 672 volueritis.
963 628 1222 672 Incredibile
1253 638 1315 672 cst
1344 629 1475 680 enim,

119 724 248 768 quam
274 708 327 751 sit
354 724 481 750 omne
504 708 574 768 jus
605 706 748 762 civile,
783 717 938 767 praeter
968 707 1052 751 hoc
1082 698 1301 763 nostrum,
1328 709 1477 751 incon-

120 788 277 844 ditum,
304 804 354 831 ac
377 804 496 847 paene
519 785 752 831 ridiculum
782 804 790 830 :
819 787 870 829 de
895 804 981 847 quo
1014 786 1150 830 multa
1175 786 1290 831 soleo
1316 788 1359 830 in
1392 804 1479 830 scr-

119 868 320 912 monibus
344 867 608 928 quotidianis
632 867 794 923 dicere,
819 884 953 926 quum
981 866 1209 910 hominum
1234 876 1478 910 nostrorum

120 947 394 1008 prudentiam
416 948 566 991 ceteris
585 948 853 1002 hominibus,
878 956 918 990 et
945 948 1130 991 maxime
1153 948 1341 1003 Graecis,
1365 957 1480 990 ante-

119 1045 249 1089 pono.
275 1029 353 1071 His
381 1044 460 1088 ego
485 1028 537 1071 de
563 1029 702 1071 causis
722 1028 937 1082 dixeram,
961 1026 1169 1083 Scaevola,
1190 1028 1260 1083 iis,
1286 1027 1359 1087 qui
1385 1043 1479 1087 pcr-

119 1108 220 1152 fecti
240 1118 433 1152 oratores
459 1124 548 1151 esse
571 1106 753 1164 vellent,
772 1108 881 1168 juris
909 1106 1047 1151 civilis
1075 1107 1367 1168 cognitionem
1393 1124 1482 1150 esse

121 1189 414 1232 necessariam.

184 1270 317 1313 XLV.
352 1271 446 1312 Jam
485 1285 586 1312 vero
618 1270 710 1328 ipsa
745 1285 820 1327 per
854 1284 942 1311 sese
974 1277 1187 1327 quantum
1224 1267 1376 1311 afferat
1411 1267 1483 1323 iis,

121 1349 195 1408 qui
212 1349 250 1391 ei
270 1358 481 1408 praesunt,
502 1348 700 1402 honoris,
722 1348 890 1408 gratiae,
912 1347 1155 1408 dignitatis,
1175 1347 1271 1407 quis
1292 1346 1486 1407 ignorat?

120 1429 296 1487 Itaque,
326 1437 373 1471 ut
399 1426 514 1488 apud
541 1429 717 1471 Graecos
741 1426 879 1470 infimi
902 1427 1118 1483 homines,
1143 1425 1388 1470 mercedula
1411 1427 1482 1470 ad-

122 1507 266 1562 ducti,
301 1508 522 1551 ministros
552 1524 595 1551 se
623 1508 817 1568 praebent
852 1509 895 1550 in
929 1508 1100 1568 judiciis
1135 1507 1400 1561 oratoribus,
1435 1507 1484 1559 ii,

121 1589 195 1649 qui
220 1588 338 1648 apud
359 1587 454 1632 illos
474 1594 754 1647 πραγματικοί
774 1598 990 1632 vocantur
1009 1622 1021 1644 ,
1054 1589 1114 1631 sic
1143 1588 1188 1631 in
1209 1596 1357 1631 nostra
1380 1587 1483 1629 civi-

121 1678 229 1724 tate3
263 1678 415 1712 eontra
438 1668 727 1729 amplissimus
753 1669 936 1728 quisque
959 1677 1002 1711 et
1030 1667 1295 1712 clarissimus
1320 1668 1407 1722 vir;
1441 1677 1488 1709 ut

122 1746 213 1804 ille,
234 1748 306 1808 qui
332 1758 509 1808 propter
534 1748 646 1791 hanc
667 1749 777 1808 juris
803 1747 940 1792 civilis
965 1749 1189 1792 scientiam
1217 1749 1276 1791 sic
1295 1745 1487 1808 appella-

123 1836 192 1871 tus
212 1844 236 1872 a
257 1845 429 1872 summo
453 1838 581 1889 poeta
600 1839 663 1872 est
686 1847 694 1871 :

225 1960 381 2007 Egregie
397 1960 570 1995 cordatus
584 1960 718 2003 homo,
738 1967 836 1994 catus
852 1960 963 1995 AEliu’
979 1960 1130 2003 Sextus3

125 2075 337 2137 multique
366 2087 596 2137 praeterea,
625 2078 717 2136 qui,
750 2093 848 2120 cum
881 2077 1054 2119 ino-enio
1079 2075 1160 2119 sibi
1188 2072 1398 2137 [anctore]
1425 2074 1490 2117 di-

929 2111 953 2137 e»

125 2157 334 2218 gnitatem
353 2158 630 2218 reperissent,
654 2157 950 2218 perfecerunt,
980 2166 1028 2199 ut
1049 2158 1092 2200 in
1115 2154 1417 2216 respondendo
1441 2154 1492 2197 de

123 2238 242 2297 jure,
264 2238 519 2281 auctoritate
536 2236 631 2298 plus
645 2238 795 2293 etiam,
813 2253 943 2297 quam
959 2238 1052 2297 ipso
1071 2237 1266 2297 ingenio,
1289 2234 1489 2279 valerent.

192 2319 413 2361 Senectuti
434 2334 535 2362 vero
555 2317 822 2362 celebrandae
841 2327 884 2361 et
908 2317 1113 2361 ornandae
1130 2316 1249 2377 quod
1267 2315 1490 2359 honestius

126 2407 271 2458 potest
301 2415 390 2442 esse
420 2398 688 2459 perfugium,
713 2414 844 2459 quam
865 2397 976 2457 juris
1003 2395 1332 2457 interpretatio?
1360 2396 1493 2454 Equi-

129 2478 227 2522 dem
246 2479 351 2522 mihi
373 2479 455 2522 hoc
473 2479 711 2523 subsidium
729 2480 818 2539 jam
835 2478 888 2521 ab
908 2476 1198 2521 adolescentia
1219 2475 1491 2536 comparavi.

130 2575 218 2602 non
244 2558 383 2603 solum
410 2559 464 2602 ad
489 2575 713 2602 causarum
741 2574 868 2602 usum
897 2558 1156 2613 forensium,
1187 2556 1260 2600 sed
1283 2557 1410 2599 etiam
1439 2554 1492 2597 ad

131 2639 258 2683 decus
276 2649 404 2700 atque
422 2649 728 2684 ornamentum
752 2640 1003 2696 senectutis,
1032 2649 1103 2694 ut,
1131 2655 1266 2698 quum
1286 2654 1353 2680 mc
1383 2636 1494 2679 vii-cs
