1843 3166
709 179 853 212 LIBER
885 179 930 211 ιι.
1430 178 1497 221 145

129 255 208 301 dus
231 270 360 315 esset,
392 270 433 303 et
454 262 487 303 si
510 262 553 304 in
578 260 792 322 ejusmodi
822 276 981 321 genere
1001 259 1211 304 orationis
1236 262 1339 305 nihil
1367 273 1499 320 esset,

129 339 208 382 nisi
224 338 397 396 falsum,
417 350 546 400 atque
569 342 813 385 imitatione
827 339 1081 383 simulatum
1097 373 1108 395 ,
1124 341 1262 400 major
1275 359 1342 385 ars
1358 343 1500 403 aliqua

127 420 307 464 forsitan
336 431 447 464 esset
476 420 753 480 requirenda.
778 422 909 465 Nunc
935 437 1035 481 ego,
1064 420 1170 480 quid
1196 421 1296 477 tibi,
1323 424 1500 477 Crasse,

126 500 233 560 quid
260 502 414 545 ceteris
446 500 638 557 accidat,
668 502 833 556 nescio;
866 501 920 545 de
949 518 1018 545 me
1049 511 1195 544 autem
1224 518 1352 545 causa
1384 501 1502 546 nulla

125 591 212 638 est,
233 598 312 625 cur
327 581 443 642 apud
464 581 664 625 homines
685 582 1048 642 prudentissimos
1066 592 1198 642 atque
1214 583 1502 626 amicissimos

124 662 311 704 mentiar
335 679 343 705 :
374 679 461 706 non
482 662 733 707 mehercule
758 679 952 723 unquam
978 663 1095 723 apud
1120 663 1307 724 judices,
1331 674 1407 707 aut
1428 663 1504 708 do-

125 741 284 798 lorem,
308 752 383 786 aut
398 743 741 788 misericordiam
756 778 767 800 ,
788 754 863 787 aut
879 743 1088 787 invidiam
1101 778 1111 798 ‚
1129 752 1203 787 aut
1219 744 1369 787 odium
1387 745 1501 788 exci-

125 832 218 866 tare
243 823 429 867 dicendo
449 823 592 881 volui,
619 826 726 885 quin
742 826 833 886 ipse
855 826 899 868 in
915 823 1241 868 commovendis
1258 825 1502 885 judicibus,

126 904 177 947 iis
204 905 308 965 ipsis
336 906 554 962 sensibus,
589 905 643 949 ad
669 922 779 967 quos
816 905 911 950 illos
939 905 1156 950 adducere
1185 905 1361 961 vellem,
1401 922 1501 966 per-

123 1001 337 1029 moverer.

186 1068 343 1127 Neque
372 1069 489 1111 enim
517 1066 644 1112 facile
671 1078 735 1112 est
760 1068 996 1130 perficere,
1027 1078 1075 1112 ut
1103 1070 1329 1124 irascatur,
1355 1069 1424 1111 cui
1455 1077 1500 1111 tu

121 1147 248 1202 velis,
271 1147 430 1208 judex,
455 1149 490 1192 si
518 1158 565 1192 tu
592 1150 683 1209 ipse
712 1149 756 1192 id
783 1148 900 1193 lente
923 1148 1036 1193 ferre
1060 1148 1260 1204 videare3
1284 1164 1426 1208 neque
1455 1159 1502 1191 ut

124 1227 267 1272 oderit
281 1245 381 1272 eum
396 1264 406 1284 ,
428 1246 559 1289 quem
578 1239 625 1273 tu
646 1229 773 1286 velis,
800 1231 883 1274 nisi
913 1240 954 1273 te
970 1231 1111 1290 ipsum
1128 1230 1385 1290 flagrantem
1400 1228 1500 1272 odio

122 1319 223 1352 ante
249 1309 428 1366 viderit3
455 1325 600 1369 neque
627 1309 682 1352 ad
707 1309 1051 1353 misericordiam
1072 1308 1329 1363 adducetur,
1359 1310 1439 1351 nisi
1462 1310 1500 1351 ei

125 1400 170 1434 tu
187 1391 309 1451 signa
327 1389 488 1433 doloris
503 1391 567 1433 tui
584 1390 727 1433 verbis
741 1424 752 1444 ,
778 1390 1028 1445 sententiis,
1050 1404 1180 1445 voce,
1205 1387 1349 1444 vultu,
1371 1387 1502 1431 colla-

121 1471 391 1531 crymatione
415 1469 605 1530 denique
631 1469 889 1513 ostenderis.
920 1471 981 1514 Ut
1008 1469 1124 1512 enim
1154 1467 1273 1512 nulla
1298 1470 1500 1512 materies

122 1561 211 1594 tam
236 1549 371 1594 facilis
385 1550 439 1594 ad
460 1549 831 1595 exardescendum
851 1559 931 1605 cst,
950 1566 1066 1609 quae,
1090 1550 1172 1592 nisi
1188 1548 1366 1592 admoto
1386 1550 1498 1609 igni,

123 1634 268 1693 ignem
290 1632 521 1692 concipere
544 1632 682 1692 possit
705 1648 713 1674 :
739 1631 799 1674 sic
821 1629 941 1673 nulla
963 1645 1085 1672 mens
1109 1639 1173 1672 est
1197 1638 1284 1672 tam
1301 1628 1355 1671 ad
1380 1645 1499 1671 com-

122 1712 481 1774 prehendendam
507 1713 595 1755 vim
617 1711 804 1756 oratoris
826 1720 1002 1772 parata,
1030 1726 1126 1770 quae
1147 1710 1283 1770 possit
1302 1708 1498 1765 incendi,

123 1794 206 1837 nisi
232 1792 525 1836 inflammatus
551 1792 643 1852 ipse
666 1790 721 1835 ad
750 1807 869 1846 eam,
899 1800 941 1834 et
964 1789 1122 1834 ardens
1149 1790 1393 1834 accesseris.

185 1875 344 1918 XLVI.
382 1875 467 1929 Ac,
499 1889 553 1916 ne
590 1872 702 1916 forte
733 1873 818 1916 hoc
850 1888 1058 1933 magnum
1090 1888 1140 1915 ac
1171 1869 1370 1914 mirabile
1408 1886 1498 1913 esse

124 1954 339 2008 videatur,
375 1955 597 1998 hominem
634 1955 762 1997 toties
798 1954 949 2008 irasci,
991 1953 1120 1996 toties
1155 1950 1326 2007 dolere,
1370 1951 1497 1993 toties

125 2035 244 2078 omni
270 2035 403 2078 animi
428 2044 551 2078 motu
575 2035 804 2088 concitari,
827 2034 1067 2093 praesertim
1091 2033 1135 2074 in
1166 2031 1296 2074 rebus
1324 2029 1496 2085 alienis,

125 2131 281 2175 magna
311 2116 374 2159 vis
397 2125 463 2160 est
486 2132 635 2159 earum
665 2114 1007 2170 sententiarum,
1037 2122 1168 2173 atque
1196 2128 1347 2155 eorum
1380 2109 1497 2154 loco-

125 2213 243 2249 rum,
272 2212 381 2255 quos
407 2212 507 2256 agas
530 2205 775 2255 tractesque
799 2193 1005 2248 dicendo,
1034 2192 1143 2236 nihil
1167 2202 1216 2235 ut
1235 2208 1344 2252 opus
1362 2191 1418 2234 sit
1441 2192 1497 2234 si-

127 2276 367 2320 mulatione
391 2286 433 2319 et
454 2275 649 2320 fallaciis.
677 2278 777 2336 Ipsa
805 2275 921 2317 enim
957 2284 1115 2317 natura
1142 2272 1351 2316 orationis
1377 2272 1467 2331 ejus
1485 2305 1495 2325 ,

128 2374 222 2418 quae
247 2357 482 2416 suscipitur
501 2357 556 2400 ad
582 2356 768 2400 aliorum
792 2355 959 2407 animos
988 2351 1328 2414 permovendOS,
1355 2361 1497 2395 orato-

127 2454 219 2481 rem
258 2438 399 2498 ipsum
425 2437 561 2497 magis
587 2438 737 2492 etiam,
765 2451 896 2495 quam
924 2449 1189 2494 quemquam
1215 2448 1390 2487 eorum,
1420 2433 1493 2490 qui

127 2517 338 2574 audiunt,
362 2526 603 2579 permovet.

189 2601 245 2642 Et
258 2615 313 2642 ne
330 2599 413 2642 hoc
431 2598 476 2641 in
494 2597 654 2653 causis,
676 2597 720 2639 in
736 2595 933 2656 judiciis,
952 2595 997 2638 in
1009 2595 1246 2638 amicorum
1263 2589 1466 2652 periculis
1484 2624 1494 2643 ,

357 2691 404 2718 ιι.
1286 2687 1336 2713 ιο
