1843 3166
314 272 327 295 ι
337 273 356 292 n
826 258 890 293 DE
920 258 986 292 ΟΒ
993 258 1119 293 ΑΤΟΒ
1126 258 1153 291 E

311 362 385 390 nes
409 347 450 390 in
476 347 523 390 iis
545 347 737 400 sedibus,
762 362 857 405 quoe
873 354 996 388 erant
1017 344 1095 387 sub
1118 343 1312 404 platano,
1338 344 1581 388 consedisse
1604 343 1668 387 di-

310 427 448 470 cebat.

377 508 497 550 VIII.
523 507 588 550 Ibi
605 542 615 561 ‚
645 516 693 550 ut
716 522 767 551 ex
791 506 973 566 pristino
997 521 1195 549 sermone
1220 503 1517 548 relaxarentur
1536 505 1665 547 animi

313 588 526 642 omnium,
540 586 702 630 solebat
724 588 852 630 Cotta
869 602 1043 629 narrare
1063 587 1264 629 Crassum
1281 601 1522 628 sermonem
1539 600 1669 644 quen-

312 668 410 711 dam
430 667 482 710 de
504 667 647 710 studio
659 666 828 710 dicendi
852 665 1059 710 intulisse.
1076 666 1165 722 Qui
1181 681 1313 723 quum
1333 665 1391 708 ita
1411 673 1519 708 esset
1542 681 1667 708 exor-

313 765 384 791 sus
404 765 413 790 :
433 749 533 792 Non
568 747 648 790 sibi
683 745 999 790 cohortandum
1031 743 1270 804 Sulpicium
1300 754 1343 787 ct
1373 746 1567 800 Cottam⁷
1596 743 1666 786 sed

313 828 450 888 magis
472 836 705 885 utrumque
728 824 1063 869 collaudandum
1088 824 1241 876 videri,
1263 825 1379 883 quod
1401 833 1562 867 tantam
1579 823 1666 882 jam

313 917 454 951 essent
484 906 730 950 facultatem
752 905 922 965 adepti,
955 914 1001 948 ut
1032 921 1119 948 non
1150 904 1384 963 aequalibus
1415 904 1501 947 suis
1529 902 1665 946 solum

314 996 698 1047 anteponerentur,
717 985 787 1029 sed
803 1002 901 1029 eum
925 985 1158 1044 majoribus
1177 994 1279 1027 natu
1298 991 1665 1043 compararentur.

377 1069 529 1126 Neque
558 1083 658 1109 vero
688 1066 791 1109 mihi
820 1065 1078 1124 quidquam,
1109 1065 1274 1123 inquit,
1301 1061 1583 1122 praestabilius
1612 1062 1671 1104 vi-

314 1147 455 1198 detur,
472 1162 601 1205 quam
617 1162 740 1205 posse
755 1143 938 1188 dicendo
960 1153 1107 1186 tenere
1126 1143 1352 1185 hominum
1373 1152 1525 1197 coetus,
1550 1158 1670 1184 men-

314 1236 377 1269 tes
400 1225 590 1279 allicere,
612 1224 858 1268 voluntates
882 1221 1126 1283 impellere,
1144 1239 1230 1282 quo
1247 1220 1348 1265 velit
1369 1238 1377 1264 :
1396 1220 1509 1264 unde
1526 1230 1668 1264 autem

317 1305 441 1359 velit,
469 1305 694 1348 deducere.
726 1307 828 1347 Haec
863 1320 949 1347 una
981 1319 1048 1346 res
1078 1303 1122 1344 in
1154 1303 1272 1345 omni
1312 1301 1446 1345 libero
1483 1299 1671 1361 populo,

317 1402 588 1445 maxlmeque
614 1386 656 1428 in
686 1385 846 1445 pacatis
872 1381 1202 1443 tranquillisque
1230 1382 1496 1437 civitatibus,
1525 1382 1674 1442 praeci-

318 1483 401 1527 pue
427 1483 595 1526 semper
617 1465 783 1520 ssoruit,
811 1480 1064 1524 semperque
1088 1463 1308 1506 dominata
1333 1472 1408 1505 cst.

381 1545 501 1602 Quid
524 1546 638 1589 enim
665 1555 729 1589 est
756 1555 829 1588 aut
855 1554 943 1587 tam
971 1542 1243 1595 admirabile,
1265 1558 1394 1602 quam
1424 1558 1474 1585 ex
1501 1542 1668 1586 infinita

319 1624 598 1669 multitudine
620 1626 844 1667 hominum
868 1624 1064 1668 exsistere
1086 1639 1241 1677 unum,
1266 1622 1339 1681 qui
1363 1621 1424 1677 id,
1449 1622 1567 1682 quod
1585 1639 1672 1665 om-

318 1705 444 1748 nibus
466 1714 619 1749 natura
639 1705 693 1748 sit
710 1704 878 1756 datum,
901 1702 968 1747 vel
992 1702 1126 1757 solus,
1151 1702 1217 1745 vel
1243 1719 1341 1746 eum
1366 1704 1513 1762 paucis
1533 1702 1671 1746 facere

319 1784 485 1844 possit?
502 1795 577 1828 aut
606 1794 693 1827 tam
713 1783 955 1844 jucundum
982 1783 1160 1842 cognitu
1189 1791 1317 1841 atque
1348 1781 1520 1837 auditu,
1543 1798 1673 1841 quam

323 1864 589 1924 sapientibus
617 1864 839 1907 sententiis
868 1862 1158 1923 gravibusque
1182 1862 1323 1905 verbis
1355 1872 1509 1905 ornata
1535 1863 1674 1905 oratio

321 1954 363 1987 et
391 1944 523 2004 polita
543 1943 560 1987 Ξ)
579 1953 653 1987 aut
672 1953 759 1987 tam
788 1953 969 2003 potens,
1000 1953 1174 2001 tamque
1207 1941 1511 2001 magnificum,
1545 1957 1674 2000 quam

319 2022 468 2083 populi
489 2033 656 2078 motus,
682 2023 879 2083 judicum
912 2021 1166 2082 religiones,
1201 2030 1371 2063 senatus
1398 2021 1676 2081 gravitatem,

320 2103 447 2146 unius
473 2104 668 2146 oratione
696 2101 919 2144 converti?

383 2181 503 2238 Quid
533 2191 619 2224 tam
647 2197 778 2240 porro
807 2181 998 2240 regium,
1034 2190 1118 2223 tam
1153 2179 1351 2235 liberale,
1380 2189 1467 2222 tam
1503 2179 1677 2222 munifi—

320 2277 439 2317 cum,
467 2276 597 2320 quam
627 2277 753 2320 opem
783 2260 894 2303 ferre
927 2258 1218 2320 supplicibus,
1251 2260 1436 2302 excitare
1471 2259 1676 2313 afflictos,

320 2341 421 2384 dare
451 2339 658 2395 salutern,
689 2339 870 2383 liberare
906 2339 1136 2399 periculis,
1178 2341 1364 2382 retinere
1402 2340 1598 2382 homines
1633 2340 1675 2381 in

319 2420 516 2464 civitate?
551 2420 669 2477 Quid
707 2430 852 2463 autem
891 2429 978 2462 tam
1017 2420 1324 2475 necessarium,
1362 2436 1490 2479 quam
1532 2427 1676 2461 tenere

320 2516 484 2561 semper
508 2517 644 2555 arma,
669 2500 824 2559 quibus
845 2499 908 2542 vel
929 2509 1068 2543 tectus
1086 2500 1175 2559 ipse
1197 2515 1285 2542 esse
1304 2499 1460 2558 possis,
1487 2496 1551 2541 vel
1571 2514 1673 2558 pro-

320 2597 474 2623 vocare
501 2579 744 2640 improbos,
771 2577 837 2621 vel
867 2589 908 2622 te
931 2577 1079 2622 ulcisci
1110 2578 1356 2622 lacessitus?

388 2662 476 2719 Age
512 2676 631 2713 vero,
670 2675 721 2701 ne
758 2675 925 2717 semper
961 2658 1126 2710 forum,
1156 2657 1374 2706 subsellia,
1408 2667 1569 2708 rostra,
1600 2674 1669 2701 cu-
