1843 3166
554 230 954 270 ADNOTATIONES.
1374 224 1419 259 35
1429 236 1440 256 1

126 321 210 355 ΕΜ».
232 319 311 353 LX.
339 318 476 362 Itaque
496 314 592 348 idem
617 310 816 347 Gracchus.
838 310 894 343 De
916 309 956 342 C.
977 305 1134 341 Gracchi
1153 303 1274 339 fistula
1295 302 1448 337 concio«

75 380 237 422 natm-ia,
265 377 359 412 Vide
384 379 528 411 Aurum
550 374 753 416 Gumum,
777 383 788 404 1
804 397 814 414 ,
835 382 868 404 2.
895 371 1030 404 PRus‘r.

131 441 192 474 Ea·
219 439 368 473 Licinio.
396 435 514 480 Hujus
533 444 670 468 nomen
690 431 853 467 occurrit
875 428 978 476 apud
1002 426 1242 463 Plutarchum
1267 425 1304 458 in
1333 424 1451 458 Grac:—

78 501 165 543 cho,
194 507 229 535 et
256 499 337 534 Aul.
359 495 534 539 Gellium,
555 493 618 528 lib.
642 506 683 527 11.
711 490 902 528 Ernestius
921 487 1091 536 reposuit
1119 486 1282 531 Erfcc'no
1305 496 1351 519 ex
1374 483 1452 519 edi-

79 561 254 596 tionibus.
274 561 329 594 Ex
348 559 436 599 hoc,
458 555 599 602 inquit,
630 554 770 588 factum
794 551 958 592 Licinio,
982 547 1089 596 quod
1119 545 1303 594 putabant
1329 544 1454 579 homi-

79 635 161 657 nem
183 620 302 658 Crassi
321 619 493 653 libertum
514 614 635 650 fuisse.
656 615 775 648 Immo
795 610 954 646 Gracchi
977 610 1069 654 fuit,
1096 608 1161 644 sed
1181 607 1295 642 cliens
1316 604 1454 649 Crassi,

79 691 120 718 ut
143 677 378 730 provincialis
397 678 511 712 homo
531 677 701 719 Graecus,
721 686 742 708 a
760 672 882 720 patria
901 670 1084 717 Erycinus
1104 668 1246 711 dictus,
1261 672 1297 701 et
1323 664 1452 701 erudi—

79 753 136 779 tus
155 740 283 778 litteris
303 739 439 786 graecis.

127 804 209 848 Ego
236 813 322 835 vero
334 826 345 842 ‚
370 800 487 847 inquit
512 798 674 833 Crassus.
698 796 867 845 Intellige
888 796 958 832 :Et
976 794 1054 843 ipse
1078 791 1243 829 admiror
1266 791 1345 837 ejus
1361 790 1453 826 dili—

77 864 237 911 gentiam
262 869 297 897 et
317 861 538 896 doctrinam.
554 860 716 894 Eamm.

132 926 218 959 CAP.
241 924 337 957 LXI.
354 922 417 956 Me
435 922 604 963 consule,
621 920 657 954 in
676 927 804 954 senatu
815 931 980 952 causam.
1001 914 1224 953 Hortensius
1243 916 1284 949 L.
1301 915 1452 958 Crasso,

80 988 126 1030 Q·
144 986 195 1019 M.
208 984 369 1019 Scaevola
387 994 498 1027 coss.,
514 981 676 1028 primum
691 980 731 1015 in
740 980 825 1014 foro
840 980 956 1025 dixit,
981 991 1013 1014 a.
1032 979 1079 1014 U.
1094 978 1133 1012 C.
1156 976 1230 1012 658
1244 1003 1253 1020 ,
1273 982 1308 1010 et
1335 987 1451 1022 quum

80 1058 210 1081 eorum
229 1045 295 1092 qui
314 1043 530 1087 adfuerant,
559 1048 639 1077 tum
666 1041 836 1089 ipsorum
856 1041 1072 1083 consulum,
1102 1037 1170 1086 qui
1193 1049 1320 1072 omnes
1344 1036 1457 1070 intel-

80 1106 228 1156 .igentia
251 1105 496 1153 superabant,
526 1103 670 1150 judicio
699 1102 863 1138 discessit
887 1102 1090 1149 probatus,
1110 1106 1151 1133 ut
1181 1098 1231 1133 ait
1257 1099 1388 1132 Cicero
1416 1096 1450 1130 in

83 1169 206 1201 Bmm.

1062 1274 1105 1306 A.
1127 1270 1352 1305 DURAND.

955 1334 982 1355 lu
994 1333 1066 1364 regio
1078 1331 1162 1355 Sancti
1177 1329 1300 1354 Luam-ici
1313 1329 1422 1359 collegio

1115 1373 1256 1407 professor.

450 1774 562 1803 171le
597 1774 787 1803 SECUNDI
824 1772 1090 1803 VOLUMINIS.
