1843 3166
335 188 381 230 78
853 187 918 221 DE
947 187 1150 222 ORATOR
1158 187 1186 220 F.

335 270 585 327 defendere,
618 287 810 330 unquam
839 272 962 315 istam
998 273 1220 316 seientiam
1251 271 1526 315 desiderasse.
1565 268 1694 313 Aliud

335 361 399 395 est
421 353 563 408 enim,
602 368 693 395 esse
722 352 932 396 artificem
961 353 1187 412 cujusdam
1216 352 1386 413 generis
1411 361 1539 411 atque
1565 351 1669 394 artis
1686 385 1696 403 ,

336 431 454 475 aliud
490 433 532 476 in
566 434 787 476 communi
823 434 908 477 vita
939 444 980 478 et
1008 433 1175 495 vulgari
1205 433 1435 477 hominum
1460 440 1692 475 consuetu—

337 513 436 556 dine
462 530 540 557 nec
562 513 780 570 hebetem,
808 530 886 558 nec
907 514 1074 559 rudem.

400 595 481 637 Cui
506 604 702 637 nostrum
728 611 814 638 non
840 594 938 640 licet
962 595 1118 639 fundos
1146 607 1317 640 nostros
1343 597 1484 651 obire,
1525 602 1600 637 aut
1628 607 1697 635 res

339 675 519 717 rusticas
547 672 613 716 vel
641 673 807 718 fructus
835 691 982 730 causa,
1021 675 1087 718 vel
1118 675 1445 732 ‹tolcctationis,
1483 671 1695 717 invisere?

340 765 482 797 tamen
505 770 633 798 nemo
662 765 748 798 tam
776 757 866 799 sine
892 754 1053 810 oculis,
1081 766 1167 799 tam
1192 757 1284 799 sine
1308 766 1452 799 mente
1474 755 1605 808 vivit,
1631 762 1700 807 ut,

340 835 443 894 quid
474 835 528 878 sit
564 837 764 879 sementis
792 852 842 879 ac
875 836 1046 891 messis,
1089 836 1192 896 quid
1226 836 1431 880 arborum
1457 835 1623 895 putatio
1651 849 1699 876 ae

342 916 518 972 vitium,
543 933 628 975 quo
652 925 847 977 tempore
872 918 1002 968 anni,
1030 926 1103 960 aut
1127 934 1213 977 quo
1236 916 1365 960 modo
1391 932 1439 958 ea
1464 915 1591 971 fiant,
1615 930 1702 957 om-

342 997 444 1040 nino
471 998 646 1040 nesciat.
685 999 804 1041 Num
836 998 982 1058 igitur,
1023 999 1055 1041 si
1088 998 1157 1041 cui
1190 997 1350 1041 fundus
1382 993 1700 1056 inspiciendus,

342 1086 417 1119 aut
443 1077 476 1119 si
508 1075 802 1119 mandandum
831 1075 996 1137 aliquid
1028 1078 1303 1137 procuratori
1330 1076 1383 1119 de
1408 1074 1671 1136 agricultura
1690 1109 1700 1129 ,

340 1165 414 1198 aut
451 1156 753 1216 imperandum
793 1156 939 1200 villico
975 1157 1049 1213 sit,
1098 1151 1300 1217 Magonis
1337 1155 1704 1215 Carthaginiensis

341 1246 444 1280 sunt
481 1237 579 1280 libri
615 1237 919 1297 perdiscendi?
955 1254 1009 1280 an
1045 1237 1125 1281 hac
1158 1236 1380 1280 communi
1414 1233 1700 1294 intelligentia

343 1319 534 1361 contenti
560 1334 649 1361 esse
672 1317 932 1378 possumus?
958 1319 1049 1362 Cur
1071 1334 1174 1378 ergo
1199 1334 1285 1361 non
1312 1317 1439 1360 iidem
1469 1317 1512 1358 in
1533 1316 1630 1376 jure
1650 1315 1706 1358 ci-

344 1398 440 1453 vili,
474 1400 710 1459 praesertim
737 1416 871 1458 quum
902 1400 944 1442 in
973 1400 1134 1455 causis,
1173 1407 1214 1442 et
1252 1399 1294 1440 in
1331 1397 1536 1457 negotiis,
1578 1406 1621 1439 et
1657 1397 1700 1438 in

344 1479 438 1523 foro
467 1489 764 1535 conteramur,
805 1481 905 1523 satis
934 1480 1137 1523 instructi
1168 1495 1258 1521 esse
1290 1493 1518 1538 possumus
1545 1475 1599 1519 ad
1624 1476 1706 1518 hoc

344 1558 578 1615 duntaxat,
618 1576 671 1603 ne
701 1561 744 1602 in
772 1570 919 1603 nostra
946 1561 1086 1620 patria
1113 1559 1328 1619 peregrini
1364 1566 1493 1617 atque
1528 1556 1704 1599 advenae

344 1655 433 1683 esse
453 1639 706 1683 videamur?

407 1722 472 1764 Ac
497 1721 530 1764 si
554 1721 643 1781 jam
672 1721 724 1765 sit
756 1737 882 1764 causa
910 1719 1055 1780 aliqua
1094 1719 1147 1763 ad
1182 1735 1260 1762 nos
1292 1717 1432 1761 delata
1460 1717 1703 1771 obscurior,

346 1800 540 1857 difficile,
572 1801 723 1851 credo,
760 1803 836 1858 sit,
878 1817 976 1845 cum
1014 1801 1096 1844 hoc
1135 1799 1324 1844 Scaevola
1361 1798 1705 1851 communicare;

346 1898 596 1941 quanquam
622 1882 700 1942 ipsi
727 1882 897 1938 omnia,
924 1898 1112 1942 quorum
1139 1881 1364 1941 negotium
1392 1889 1479 1935 est,
1508 1877 1705 1922 consulta

346 1962 400 2005 ad
422 1979 499 2006 nos
523 1973 565 2007 et
589 1964 800 2024 exquisita
825 1963 1039 2007 deferunt.
1062 1965 1128 2006 An
1149 1977 1250 2004 vero
1273 1961 1306 2004 si
1330 1960 1382 2003 de
1401 1976 1445 2002 re
1461 1960 1572 2019 ipsa,
1598 1960 1632 2002 si
1651 1958 1704 2001 de

346 2042 523 2100 finibus,
564 2061 698 2104 quum
726 2046 770 2087 in
801 2060 891 2087 rem
919 2053 1172 2103 praesentem
1206 2058 1293 2084 non
1326 2041 1546 2096 venimus,
1588 2041 1622 2083 si
1654 2039 1707 2083 de

347 2123 504 2167 tabulis
541 2134 583 2167 et
615 2124 1002 2184 perscriptionibus
1031 2123 1326 2166 controversia
1355 2131 1443 2177 est,
1484 2129 1706 2164 contortas

352 2220 419 2247 res
450 2213 491 2247 et
525 2221 634 2264 saepe
662 2203 855 2247 difficiles
887 2205 1128 2248 necessario
1162 2202 1480 2264 perdiscimus:
1524 2202 1559 2245 si
1591 2201 1707 2262 leges

348 2285 472 2328 nobis
487 2319 498 2341 ,
527 2295 602 2328 aut
622 2286 655 2328 si
670 2285 897 2328 hominum
921 2285 1163 2345 peritorum
1183 2299 1388 2343 responsa
1408 2281 1707 2343 cognoscenda

350 2376 470 2422 sunt,
496 2382 713 2421 veremur,
741 2382 794 2409 ne
817 2382 885 2421 ea,
919 2366 953 2409 si
987 2365 1039 2408 ab
1070 2364 1357 2408 adolescentia
1378 2364 1466 2424 juri
1491 2361 1605 2406 civili
1629 2363 1708 2406 rni-

349 2462 430 2489 nus
456 2446 748 2490 studuerimus
763 2482 773 2501 ,
802 2463 889 2490 non
911 2463 1120 2507 queamus
1141 2444 1429 2507 cognoscere?

413 2529 525 2570 LIX.
552 2526 732 2572 Nihilne
756 2527 888 2587 igitur
908 2527 1085 2587 prodest
1104 2527 1265 2570 oratori
1284 2526 1393 2586 juris
1416 2523 1552 2567 civilis
1576 2524 1710 2568 scien-

353 2608 441 2651 tia?
477 2609 577 2653 Non
603 2624 780 2669 possum
804 2625 962 2669 negare
994 2607 1196 2668 prodesse
1220 2606 1352 2650 ullam
1384 2606 1604 2650 scientiam
1621 2641 1632 2663 ,
1671 2608 1708 2648 ei
