<?xml version="1.0" encoding="UTF-8"?>
<!DOCTYPE html PUBLIC "-//W3C//DTD XHTML 1.0 Transitional//EN"
    "http://www.w3.org/TR/xhtml1/DTD/xhtml1-transitional.dtd">
<html xmlns="http://www.w3.org/1999/xhtml" xml:lang="en" lang="en">
 <head>
  <title>
</title>
<meta http-equiv="Content-Type" content="text/html;charset=utf-8" />
  <meta name='ocr-system' content='tesseract 3.04.00' />
  <meta name='ocr-capabilities' content='ocr_page ocr_carea ocr_par ocr_line ocrx_word'/>
</head>
<body>
  <div class='ocr_page' id='page_1' title='image "./deoratorelibritr00ciceuoft_0321.png"; bbox 0 0 1843 3166; ppageno 0'>
   <div class='ocr_carea' id='block_1_1' title="bbox 642 214 1532 263">
    <p class='ocr_par' dir='ltr' id='par_1_1' title="bbox 642 214 1532 263">
     <span class='ocr_line' id='line_1_1' title="bbox 642 214 1532 263; baseline 0.002 -14"><span class='ocrx_word' id='word_1_1' title='bbox 642 214 1040 249; x_wconf 79' lang='lat' dir='ltr'><strong>ADNOTATIONES.</strong></span> <span class='ocrx_word' id='word_1_2' title='bbox 1458 216 1532 263; x_wconf 85' lang='lat'><strong>309</strong></span> 
     </span>
    </p>
   </div>
   <div class='ocr_carea' id='block_1_2' title="bbox 157 290 1542 2652">
    <p class='ocr_par' dir='ltr' id='par_1_2' title="bbox 163 290 1533 509">
     <span class='ocr_line' id='line_1_2' title="bbox 218 290 1531 338; baseline 0.001 -12"><span class='ocrx_word' id='word_1_3' title='bbox 218 293 303 327; x_wconf 70' lang='lat' dir='ltr'><strong>CAr.</strong></span> <span class='ocrx_word' id='word_1_4' title='bbox 336 292 468 326; x_wconf 89' lang='lat' dir='ltr'>LVIII.</span> <span class='ocrx_word' id='word_1_5' title='bbox 511 291 631 335; x_wconf 80' lang='lat' dir='ltr'><strong>Quam</strong></span> <span class='ocrx_word' id='word_1_6' title='bbox 663 291 899 324; x_wconf 65' lang='lat' dir='ltr'><strong>stlanilianas</strong></span> <span class='ocrx_word' id='word_1_7' title='bbox 903 317 961 326; x_wconf 87' lang='grc'><strong>.....</strong></span> <span class='ocrx_word' id='word_1_8' title='bbox 993 292 1102 338; x_wconf 77' lang='lat' dir='ltr'><strong>leges,</strong></span> <span class='ocrx_word' id='word_1_9' title='bbox 1122 290 1173 324; x_wconf 89' lang='lat' dir='ltr'><strong>M.</strong></span> <span class='ocrx_word' id='word_1_10' title='bbox 1201 291 1394 336; x_wconf 87' lang='lat' dir='ltr'>Manilius,</span> <span class='ocrx_word' id='word_1_11' title='bbox 1413 292 1531 338; x_wconf 89' lang='lat' dir='ltr'><strong>juris-</strong></span> 
     </span>
     <span class='ocr_line' id='line_1_3' title="bbox 164 350 1533 399; baseline 0.001 -12"><span class='ocrx_word' id='word_1_12' title='bbox 164 354 374 397; x_wconf 87' lang='lat' dir='ltr'><strong>consultus,</strong></span> <span class='ocrx_word' id='word_1_13' title='bbox 403 351 665 399; x_wconf 82' lang='lat' dir='ltr'>perscripserat</span> <span class='ocrx_word' id='word_1_14' title='bbox 691 352 788 398; x_wconf 87' lang='lat' dir='ltr'><strong>leges</strong></span> <span class='ocrx_word' id='word_1_15' title='bbox 815 357 851 385; x_wconf 88' lang='lat' dir='ltr'><strong>et</strong></span> <span class='ocrx_word' id='word_1_16' title='bbox 874 350 1050 386; x_wconf 87' lang='lat' dir='ltr'><strong>formulas</strong></span> <span class='ocrx_word' id='word_1_17' title='bbox 1076 363 1202 386; x_wconf 87' lang='lat' dir='ltr'><strong>rerum</strong></span> <span class='ocrx_word' id='word_1_18' title='bbox 1227 352 1413 387; x_wconf 88' lang='lat' dir='ltr'><strong>venalium</strong></span> <span class='ocrx_word' id='word_1_19' title='bbox 1440 365 1533 388; x_wconf 87' lang='lat' dir='ltr'><strong>ven—</strong></span> 
     </span>
     <span class='ocr_line' id='line_1_4' title="bbox 164 411 1533 461; baseline 0.002 -14"><span class='ocrx_word' id='word_1_20' title='bbox 164 412 394 457; x_wconf 89' lang='lat' dir='ltr'><strong>dendarum,</strong></span> <span class='ocrx_word' id='word_1_21' title='bbox 421 411 557 461; x_wconf 89' lang='lat' dir='ltr'><strong>quibus</strong></span> <span class='ocrx_word' id='word_1_22' title='bbox 582 411 754 456; x_wconf 85' lang='lat' dir='ltr'>cavebat,</span> <span class='ocrx_word' id='word_1_23' title='bbox 788 423 834 445; x_wconf 91' lang='lat' dir='ltr'><strong>ne</strong></span> <span class='ocrx_word' id='word_1_24' title='bbox 861 411 1036 447; x_wconf 87' lang='lat' dir='ltr'><strong>damnum</strong></span> <span class='ocrx_word' id='word_1_25' title='bbox 1064 411 1248 458; x_wconf 89' lang='lat' dir='ltr'><strong>acciperet</strong></span> <span class='ocrx_word' id='word_1_26' title='bbox 1272 412 1446 448; x_wconf 79' lang='lat' dir='ltr'><strong>venditor</strong></span> <span class='ocrx_word' id='word_1_27' title='bbox 1468 422 1533 450; x_wconf 87' lang='lat' dir='ltr'><strong>aut</strong></span> 
     </span>
     <span class='ocr_line' id='line_1_5' title="bbox 163 481 293 509; baseline 0.015 -2"><span class='ocrx_word' id='word_1_28' title='bbox 163 481 293 509; x_wconf 87' lang='lat' dir='ltr'><strong>emtor.</strong></span> 
     </span>
    </p>

    <p class='ocr_par' dir='ltr' id='par_1_3' title="bbox 157 530 1541 1495">
     <span class='ocr_line' id='line_1_6' title="bbox 214 530 1533 582; baseline -0.001 -14"><span class='ocrx_word' id='word_1_29' title='bbox 214 534 400 582; x_wconf 63' lang='lat' dir='ltr'><strong>Alagom&#39;s.</strong></span> <span class='ocrx_word' id='word_1_30' title='bbox 430 532 604 568; x_wconf 82' lang='lat' dir='ltr'><strong>Creditur</strong></span> <span class='ocrx_word' id='word_1_31' title='bbox 623 530 734 566; x_wconf 87' lang='lat' dir='ltr'><strong>fuisse</strong></span> <span class='ocrx_word' id='word_1_32' title='bbox 755 533 883 567; x_wconf 88' lang='lat' dir='ltr'><strong>saltem</strong></span> <span class='ocrx_word' id='word_1_33' title='bbox 903 533 1102 580; x_wconf 81' lang='lat' dir='ltr'><strong>scriptores</strong></span> <span class='ocrx_word' id='word_1_34' title='bbox 1132 532 1228 567; x_wconf 91' lang='lat' dir='ltr'><strong>duos</strong></span> <span class='ocrx_word' id='word_1_35' title='bbox 1254 532 1533 580; x_wconf 79' lang='lat' dir='ltr'><strong>carthaginien-</strong></span> 
     </span>
     <span class='ocr_line' id='line_1_7' title="bbox 163 592 1530 641; baseline -0.001 -13"><span class='ocrx_word' id='word_1_36' title='bbox 163 607 237 638; x_wconf 85' lang='lat' dir='ltr'>ses,</span> <span class='ocrx_word' id='word_1_37' title='bbox 257 594 406 629; x_wconf 87' lang='lat' dir='ltr'><strong>nomine</strong></span> <span class='ocrx_word' id='word_1_38' title='bbox 419 592 611 641; x_wconf 82' lang='lat' dir='ltr'><strong>Magonis;</strong></span> <span class='ocrx_word' id='word_1_39' title='bbox 630 604 767 637; x_wconf 89' lang='lat' dir='ltr'><strong>unum,</strong></span> <span class='ocrx_word' id='word_1_40' title='bbox 782 593 962 628; x_wconf 78' lang='lat' dir='ltr'><strong>viatorem</strong></span> <span class='ocrx_word' id='word_1_41' title='bbox 977 601 1186 638; x_wconf 90' lang='lat' dir='ltr'><strong>strenuum,</strong></span> <span class='ocrx_word' id='word_1_42' title='bbox 1201 592 1283 640; x_wconf 94' lang='lat' dir='ltr'><strong>qui,</strong></span> <span class='ocrx_word' id='word_1_43' title='bbox 1303 599 1394 627; x_wconf 86' lang='lat' dir='ltr'><strong>teste</strong></span> <span class='ocrx_word' id='word_1_44' title='bbox 1413 593 1530 627; x_wconf 82' lang='lat' dir='ltr'><strong>Athe-</strong></span> 
     </span>
     <span class='ocr_line' id='line_1_8' title="bbox 162 653 1536 701; baseline -0.001 -13"><span class='ocrx_word' id='word_1_45' title='bbox 162 667 261 699; x_wconf 82' lang='lat' dir='ltr'><strong>naeo,</strong></span> <span class='ocrx_word' id='word_1_46' title='bbox 288 662 354 698; x_wconf 90' lang='lat' dir='ltr'><strong>ter,</strong></span> <span class='ocrx_word' id='word_1_47' title='bbox 381 653 512 700; x_wconf 85' lang='lat' dir='ltr'><strong>patriis</strong></span> <span class='ocrx_word' id='word_1_48' title='bbox 529 653 705 697; x_wconf 81' lang='lat' dir='ltr'><strong>navibuS‚</strong></span> <span class='ocrx_word' id='word_1_49' title='bbox 727 653 857 688; x_wconf 89' lang='lat' dir='ltr'><strong>orbem</strong></span> <span class='ocrx_word' id='word_1_50' title='bbox 878 661 1059 688; x_wconf 86' lang='lat' dir='ltr'><strong>terrarum</strong></span> <span class='ocrx_word' id='word_1_51' title='bbox 1079 653 1286 689; x_wconf 87' lang='lat' dir='ltr'><strong>circumivit</strong></span> <span class='ocrx_word' id='word_1_52' title='bbox 1307 667 1315 688; x_wconf 90' lang='lat'><strong>:</strong></span> <span class='ocrx_word' id='word_1_53' title='bbox 1336 660 1414 688; x_wconf 90' lang='lat' dir='ltr'><strong>erat</strong></span> <span class='ocrx_word' id='word_1_54' title='bbox 1427 660 1536 701; x_wconf 86' lang='lat' dir='ltr'><strong>gente</strong></span> 
     </span>
     <span class='ocr_line' id='line_1_9' title="bbox 162 713 1537 763; baseline 0 -16"><span class='ocrx_word' id='word_1_55' title='bbox 162 714 292 749; x_wconf 83' lang='lat' dir='ltr'><strong>illustri</strong></span> <span class='ocrx_word' id='word_1_56' title='bbox 317 715 470 759; x_wconf 84' lang='lat' dir='ltr'><strong>Barcea,</strong></span> <span class='ocrx_word' id='word_1_57' title='bbox 493 721 528 749; x_wconf 89' lang='lat' dir='ltr'><strong>et</strong></span> <span class='ocrx_word' id='word_1_58' title='bbox 555 716 757 749; x_wconf 81' lang='lat' dir='ltr'><strong>Poenorum</strong></span> <span class='ocrx_word' id='word_1_59' title='bbox 792 714 1016 750; x_wconf 83' lang='lat' dir='ltr'><strong>exercitibus</strong></span> <span class='ocrx_word' id='word_1_60' title='bbox 1045 714 1215 761; x_wconf 78' lang='lat' dir='ltr'><strong>praefuit3</strong></span> <span class='ocrx_word' id='word_1_61' title='bbox 1238 715 1415 758; x_wconf 91' lang='lat' dir='ltr'><strong>alterum,</strong></span> <span class='ocrx_word' id='word_1_62' title='bbox 1446 713 1512 760; x_wconf 90' lang='lat' dir='ltr'><strong>qui</strong></span> <span class='ocrx_word' id='word_1_63' title='bbox 1527 747 1537 763; x_wconf 68' lang='lat'>‚</span> 
     </span>
     <span class='ocr_line' id='line_1_10' title="bbox 161 774 1537 823; baseline -0.001 -13"><span class='ocrx_word' id='word_1_64' title='bbox 161 775 285 823; x_wconf 87' lang='lat' dir='ltr'><strong>inquit</strong></span> <span class='ocrx_word' id='word_1_65' title='bbox 314 776 507 810; x_wconf 78' lang='lat' dir='ltr'><strong>Poinsinec</strong></span> <span class='ocrx_word' id='word_1_66' title='bbox 532 777 579 810; x_wconf 80' lang='lat' dir='ltr'><strong>de</strong></span> <span class='ocrx_word' id='word_1_67' title='bbox 605 776 721 821; x_wconf 71' lang='lat' dir='ltr'><strong>Siwy,</strong></span> <span class='ocrx_word' id='word_1_68' title='bbox 751 775 861 810; x_wconf 90' lang='lat' dir='ltr'><strong>Plinii</strong></span> <span class='ocrx_word' id='word_1_69' title='bbox 895 776 1050 822; x_wconf 89' lang='lat' dir='ltr'><strong>Majoris</strong></span> <span class='ocrx_word' id='word_1_70' title='bbox 1075 776 1289 819; x_wconf 85' lang='lat' dir='ltr'><strong>traductor,</strong></span> <span class='ocrx_word' id='word_1_71' title='bbox 1319 775 1463 822; x_wconf 89' lang='lat' dir='ltr'><strong>scripsit</strong></span> <span class='ocrx_word' id='word_1_72' title='bbox 1489 774 1537 809; x_wconf 91' lang='lat' dir='ltr'><strong>de</strong></span> 
     </span>
     <span class='ocr_line' id='line_1_11' title="bbox 160 836 1535 885; baseline 0.001 -14"><span class='ocrx_word' id='word_1_73' title='bbox 160 836 300 872; x_wconf 87' lang='lat' dir='ltr'><strong>morbis</strong></span> <span class='ocrx_word' id='word_1_74' title='bbox 326 849 520 884; x_wconf 90' lang='lat' dir='ltr'><strong>equorum.</strong></span> <span class='ocrx_word' id='word_1_75' title='bbox 550 836 621 872; x_wconf 94' lang='lat' dir='ltr'><strong>Hic</strong></span> <span class='ocrx_word' id='word_1_76' title='bbox 647 836 832 872; x_wconf 90' lang='lat' dir='ltr'><strong>secundus</strong></span> <span class='ocrx_word' id='word_1_77' title='bbox 851 838 986 885; x_wconf 84' lang='lat' dir='ltr'><strong>Mago,</strong></span> <span class='ocrx_word' id='word_1_78' title='bbox 1012 837 1071 871; x_wconf 89' lang='lat' dir='ltr'><strong>vel</strong></span> <span class='ocrx_word' id='word_1_79' title='bbox 1098 836 1254 872; x_wconf 85' lang='lat' dir='ltr'><strong>fortasse</strong></span> <span class='ocrx_word' id='word_1_80' title='bbox 1281 836 1435 884; x_wconf 86' lang='lat' dir='ltr'><strong>quidam</strong></span> <span class='ocrx_word' id='word_1_81' title='bbox 1455 843 1535 872; x_wconf 85' lang='lat' dir='ltr'><strong>ter-</strong></span> 
     </span>
     <span class='ocr_line' id='line_1_12' title="bbox 161 897 1536 946; baseline 0.001 -15"><span class='ocrx_word' id='word_1_82' title='bbox 161 898 250 943; x_wconf 85' lang='lat' dir='ltr'><strong>tius,</strong></span> <span class='ocrx_word' id='word_1_83' title='bbox 270 898 406 945; x_wconf 88' lang='lat' dir='ltr'><strong>punica</strong></span> <span class='ocrx_word' id='word_1_84' title='bbox 431 898 557 946; x_wconf 85' lang='lat' dir='ltr'><strong>lingua</strong></span> <span class='ocrx_word' id='word_1_85' title='bbox 587 897 797 944; x_wconf 85' lang='lat' dir='ltr'><strong>composuit</strong></span> <span class='ocrx_word' id='word_1_86' title='bbox 816 910 943 933; x_wconf 78' lang='lat' dir='ltr'><strong>xxV111</strong></span> <span class='ocrx_word' id='word_1_87' title='bbox 964 898 1080 933; x_wconf 88' lang='lat' dir='ltr'><strong>libros</strong></span> <span class='ocrx_word' id='word_1_88' title='bbox 1101 898 1146 933; x_wconf 92' lang='lat' dir='ltr'><strong>de</strong></span> <span class='ocrx_word' id='word_1_89' title='bbox 1168 911 1208 933; x_wconf 86' lang='lat' dir='ltr'><strong>re</strong></span> <span class='ocrx_word' id='word_1_90' title='bbox 1227 897 1373 933; x_wconf 89' lang='lat' dir='ltr'><strong>rustica.</strong></span> <span class='ocrx_word' id='word_1_91' title='bbox 1394 899 1536 941; x_wconf 86' lang='lat' dir='ltr'><strong>Varro,</strong></span> 
     </span>
     <span class='ocr_line' id='line_1_13' title="bbox 160 957 1536 1006; baseline -0.001 -13"><span class='ocrx_word' id='word_1_92' title='bbox 160 959 259 993; x_wconf 90' lang='lat' dir='ltr'><strong>idem</strong></span> <span class='ocrx_word' id='word_1_93' title='bbox 278 958 438 1004; x_wconf 87' lang='lat' dir='ltr'><strong>Plinius,</strong></span> <span class='ocrx_word' id='word_1_94' title='bbox 459 966 494 994; x_wconf 91' lang='lat' dir='ltr'><strong>et</strong></span> <span class='ocrx_word' id='word_1_95' title='bbox 516 960 718 994; x_wconf 84' lang='lat' dir='ltr'><strong>Columella</strong></span> <span class='ocrx_word' id='word_1_96' title='bbox 741 971 825 993; x_wconf 92' lang='lat' dir='ltr'><strong>eum</strong></span> <span class='ocrx_word' id='word_1_97' title='bbox 845 960 975 1006; x_wconf 85' lang='lat' dir='ltr'><strong>saepius</strong></span> <span class='ocrx_word' id='word_1_98' title='bbox 1001 960 1132 1003; x_wconf 84' lang='lat' dir='ltr'><strong>citant,</strong></span> <span class='ocrx_word' id='word_1_99' title='bbox 1159 966 1194 994; x_wconf 88' lang='lat' dir='ltr'><strong>et</strong></span> <span class='ocrx_word' id='word_1_100' title='bbox 1214 959 1294 1005; x_wconf 91' lang='lat' dir='ltr'><strong>ejus</strong></span> <span class='ocrx_word' id='word_1_101' title='bbox 1315 957 1536 993; x_wconf 86' lang='lat' dir='ltr'><strong>auctoritate</strong></span> 
     </span>
     <span class='ocr_line' id='line_1_14' title="bbox 160 1019 1535 1068; baseline -0.001 -15"><span class='ocrx_word' id='word_1_102' title='bbox 160 1019 342 1054; x_wconf 87' lang='lat' dir='ltr'><strong>nituntur.</strong></span> <span class='ocrx_word' id='word_1_103' title='bbox 365 1021 569 1055; x_wconf 86' lang='lat' dir='ltr'><strong>Columella</strong></span> <span class='ocrx_word' id='word_1_104' title='bbox 589 1020 656 1064; x_wconf 87' lang='lat' dir='ltr'><strong>ait,</strong></span> <span class='ocrx_word' id='word_1_105' title='bbox 691 1019 770 1066; x_wconf 90' lang='lat' dir='ltr'><strong>ejus</strong></span> <span class='ocrx_word' id='word_1_106' title='bbox 801 1020 917 1055; x_wconf 89' lang='lat' dir='ltr'><strong>libros</strong></span> <span class='ocrx_word' id='word_1_107' title='bbox 931 1048 940 1065; x_wconf 92' lang='lat'><strong>,</strong></span> <span class='ocrx_word' id='word_1_108' title='bbox 960 1027 1046 1067; x_wconf 88' lang='lat' dir='ltr'><strong>post</strong></span> <span class='ocrx_word' id='word_1_109' title='bbox 1072 1019 1334 1068; x_wconf 84' lang='lat' dir='ltr'><strong>Carthaginem</strong></span> <span class='ocrx_word' id='word_1_110' title='bbox 1354 1030 1535 1063; x_wconf 87' lang='lat' dir='ltr'><strong>eversam,</strong></span> 
     </span>
     <span class='ocr_line' id='line_1_15' title="bbox 161 1081 1538 1126; baseline -0.001 -10"><span class='ocrx_word' id='word_1_111' title='bbox 161 1093 206 1116; x_wconf 82' lang='lat' dir='ltr'><strong>ex</strong></span> <span class='ocrx_word' id='word_1_112' title='bbox 225 1081 328 1116; x_wconf 90' lang='lat' dir='ltr'><strong>urbis</strong></span> <span class='ocrx_word' id='word_1_113' title='bbox 347 1081 519 1116; x_wconf 91' lang='lat' dir='ltr'><strong>incendio</strong></span> <span class='ocrx_word' id='word_1_114' title='bbox 540 1088 723 1125; x_wconf 86' lang='lat' dir='ltr'><strong>servatos,</strong></span> <span class='ocrx_word' id='word_1_115' title='bbox 737 1082 895 1116; x_wconf 85' lang='lat' dir='ltr'><strong>Romam</strong></span> <span class='ocrx_word' id='word_1_116' title='bbox 914 1081 1043 1116; x_wconf 88' lang='lat' dir='ltr'><strong>missos</strong></span> <span class='ocrx_word' id='word_1_117' title='bbox 1063 1081 1192 1126; x_wconf 88' lang='lat' dir='ltr'><strong>fuisse,</strong></span> <span class='ocrx_word' id='word_1_118' title='bbox 1213 1088 1249 1116; x_wconf 89' lang='lat' dir='ltr'><strong>et</strong></span> <span class='ocrx_word' id='word_1_119' title='bbox 1268 1087 1435 1116; x_wconf 87' lang='lat' dir='ltr'><strong>senatum</strong></span> <span class='ocrx_word' id='word_1_120' title='bbox 1457 1081 1538 1114; x_wconf 88' lang='lat' dir='ltr'><strong>De-</strong></span> 
     </span>
     <span class='ocr_line' id='line_1_16' title="bbox 161 1139 1537 1189; baseline -0.001 -13"><span class='ocrx_word' id='word_1_121' title='bbox 161 1142 257 1176; x_wconf 88' lang='lat' dir='ltr'><strong>cimo</strong></span> <span class='ocrx_word' id='word_1_122' title='bbox 277 1143 416 1177; x_wconf 86' lang='lat' dir='ltr'><strong>Solano</strong></span> <span class='ocrx_word' id='word_1_123' title='bbox 437 1154 499 1176; x_wconf 90' lang='lat' dir='ltr'><strong>eos</strong></span> <span class='ocrx_word' id='word_1_124' title='bbox 522 1142 665 1176; x_wconf 87' lang='lat' dir='ltr'><strong>dedisse</strong></span> <span class='ocrx_word' id='word_1_125' title='bbox 684 1141 942 1177; x_wconf 82' lang='lat' dir='ltr'><strong>traducendos.</strong></span> <span class='ocrx_word' id='word_1_126' title='bbox 958 1142 1073 1187; x_wconf 90' lang='lat' dir='ltr'><strong>Quod</strong></span> <span class='ocrx_word' id='word_1_127' title='bbox 1090 1154 1184 1189; x_wconf 93' lang='lat' dir='ltr'><strong>opus</strong></span> <span class='ocrx_word' id='word_1_128' title='bbox 1204 1141 1241 1175; x_wconf 89' lang='lat' dir='ltr'><strong>in</strong></span> <span class='ocrx_word' id='word_1_129' title='bbox 1261 1153 1395 1188; x_wconf 84' lang='lat' dir='ltr'><strong>magno</strong></span> <span class='ocrx_word' id='word_1_130' title='bbox 1415 1139 1537 1187; x_wconf 91' lang='lat' dir='ltr'><strong>pretio</strong></span> 
     </span>
     <span class='ocr_line' id='line_1_17' title="bbox 160 1203 1536 1249; baseline -0.001 -12"><span class='ocrx_word' id='word_1_131' title='bbox 160 1203 269 1238; x_wconf 89' lang='lat' dir='ltr'><strong>fuisse</strong></span> <span class='ocrx_word' id='word_1_132' title='bbox 288 1203 450 1248; x_wconf 88' lang='lat' dir='ltr'><strong>videtur,</strong></span> <span class='ocrx_word' id='word_1_133' title='bbox 473 1210 508 1237; x_wconf 86' lang='lat' dir='ltr'><strong>et</strong></span> <span class='ocrx_word' id='word_1_134' title='bbox 522 1204 568 1238; x_wconf 84' lang='lat' dir='ltr'><strong>ab</strong></span> <span class='ocrx_word' id='word_1_135' title='bbox 589 1203 640 1238; x_wconf 90' lang='lat' dir='ltr'><strong>eis</strong></span> <span class='ocrx_word' id='word_1_136' title='bbox 660 1211 831 1238; x_wconf 88' lang='lat' dir='ltr'><strong>accurate</strong></span> <span class='ocrx_word' id='word_1_137' title='bbox 851 1205 1062 1239; x_wconf 84' lang='lat' dir='ltr'><strong>consultum</strong></span> <span class='ocrx_word' id='word_1_138' title='bbox 1076 1203 1209 1249; x_wconf 86' lang='lat' dir='ltr'><strong>fuisse,</strong></span> <span class='ocrx_word' id='word_1_139' title='bbox 1228 1203 1314 1237; x_wconf 90' lang='lat' dir='ltr'><strong>licet</strong></span> <span class='ocrx_word' id='word_1_140' title='bbox 1338 1203 1430 1237; x_wconf 89' lang='lat' dir='ltr'><strong>Cato</strong></span> <span class='ocrx_word' id='word_1_141' title='bbox 1449 1203 1536 1237; x_wconf 89' lang='lat' dir='ltr'><strong>Ma-</strong></span> 
     </span>
     <span class='ocr_line' id='line_1_18' title="bbox 157 1263 1536 1311; baseline -0.001 -13"><span class='ocrx_word' id='word_1_142' title='bbox 157 1264 220 1309; x_wconf 88' lang='lat' dir='ltr'><strong>jor</strong></span> <span class='ocrx_word' id='word_1_143' title='bbox 237 1263 312 1309; x_wconf 86' lang='lat' dir='ltr'><strong>jam</strong></span> <span class='ocrx_word' id='word_1_144' title='bbox 333 1264 378 1298; x_wconf 88' lang='lat' dir='ltr'><strong>de</strong></span> <span class='ocrx_word' id='word_1_145' title='bbox 399 1264 528 1298; x_wconf 88' lang='lat' dir='ltr'><strong>eadem</strong></span> <span class='ocrx_word' id='word_1_146' title='bbox 558 1276 596 1298; x_wconf 89' lang='lat' dir='ltr'><strong>re</strong></span> <span class='ocrx_word' id='word_1_147' title='bbox 623 1264 835 1310; x_wconf 87' lang='lat' dir='ltr'><strong>scripsisset.</strong></span> <span class='ocrx_word' id='word_1_148' title='bbox 863 1264 1040 1310; x_wconf 88' lang='lat' dir='ltr'><strong>Ejusdem</strong></span> <span class='ocrx_word' id='word_1_149' title='bbox 1066 1264 1190 1311; x_wconf 90' lang='lat' dir='ltr'><strong>operis</strong></span> <span class='ocrx_word' id='word_1_150' title='bbox 1215 1263 1253 1297; x_wconf 91' lang='lat' dir='ltr'><strong>in</strong></span> <span class='ocrx_word' id='word_1_151' title='bbox 1273 1275 1428 1311; x_wconf 84' lang='lat' dir='ltr'><strong>graecam</strong></span> <span class='ocrx_word' id='word_1_152' title='bbox 1447 1274 1536 1297; x_wconf 86' lang='lat' dir='ltr'><strong>ver—</strong></span> 
     </span>
     <span class='ocr_line' id='line_1_19' title="bbox 161 1324 1541 1373; baseline -0.001 -14"><span class='ocrx_word' id='word_1_153' title='bbox 161 1327 303 1360; x_wconf 84' lang='lat' dir='ltr'><strong>sionem</strong></span> <span class='ocrx_word' id='word_1_154' title='bbox 323 1325 411 1359; x_wconf 90' lang='lat' dir='ltr'><strong>fecit</strong></span> <span class='ocrx_word' id='word_1_155' title='bbox 430 1325 631 1372; x_wconf 74' lang='lat' dir='ltr'><strong>Dionysius</strong></span> <span class='ocrx_word' id='word_1_156' title='bbox 652 1326 818 1370; x_wconf 87' lang='lat' dir='ltr'><strong>Cassius,</strong></span> <span class='ocrx_word' id='word_1_157' title='bbox 846 1326 1069 1373; x_wconf 84' lang='lat' dir='ltr'><strong>cognomine</strong></span> <span class='ocrx_word' id='word_1_158' title='bbox 1095 1324 1296 1369; x_wconf 87' lang='lat' dir='ltr'><strong>Uticensis,</strong></span> <span class='ocrx_word' id='word_1_159' title='bbox 1320 1331 1355 1359; x_wconf 89' lang='lat' dir='ltr'><strong>et</strong></span> <span class='ocrx_word' id='word_1_160' title='bbox 1373 1336 1469 1369; x_wconf 89' lang='lat' dir='ltr'><strong>non,</strong></span> <span class='ocrx_word' id='word_1_161' title='bbox 1498 1330 1541 1358; x_wconf 90' lang='lat' dir='ltr'><strong>ut</strong></span> 
     </span>
     <span class='ocr_line' id='line_1_20' title="bbox 163 1383 1541 1432; baseline -0.001 -13"><span class='ocrx_word' id='word_1_162' title='bbox 163 1386 317 1432; x_wconf 79' lang='lat' dir='ltr'><strong>quidam</strong></span> <span class='ocrx_word' id='word_1_163' title='bbox 353 1386 580 1432; x_wconf 87' lang='lat' dir='ltr'><strong>scripserunt</strong></span> <span class='ocrx_word' id='word_1_164' title='bbox 596 1414 605 1430; x_wconf 93' lang='lat'><strong>,</strong></span> <span class='ocrx_word' id='word_1_165' title='bbox 638 1387 729 1420; x_wconf 85' lang='lat' dir='ltr'><strong>Cato</strong></span> <span class='ocrx_word' id='word_1_166' title='bbox 750 1385 945 1421; x_wconf 85' lang='lat' dir='ltr'><strong>Uticensis.</strong></span> <span class='ocrx_word' id='word_1_167' title='bbox 977 1386 1089 1420; x_wconf 86' lang='lat' dir='ltr'><strong>Hunc</strong></span> <span class='ocrx_word' id='word_1_168' title='bbox 1116 1387 1318 1432; x_wconf 84' lang='lat' dir='ltr'><strong>Magonem</strong></span> <span class='ocrx_word' id='word_1_169' title='bbox 1344 1383 1541 1431; x_wconf 86' lang='lat' dir='ltr'><strong>Virgilius,</strong></span> 
     </span>
     <span class='ocr_line' id='line_1_21' title="bbox 160 1445 1097 1495; baseline -0.002 -13"><span class='ocrx_word' id='word_1_170' title='bbox 160 1448 224 1482; x_wconf 88' lang='lat' dir='ltr'><strong>lib.</strong></span> <span class='ocrx_word' id='word_1_171' title='bbox 248 1460 260 1481; x_wconf 93' lang='lat'>1</span> <span class='ocrx_word' id='word_1_172' title='bbox 286 1448 566 1495; x_wconf 74' lang='lat' dir='ltr'><strong>Georgicorum,</strong></span> <span class='ocrx_word' id='word_1_173' title='bbox 588 1447 751 1481; x_wconf 87' lang='lat' dir='ltr'><strong>imitatus</strong></span> <span class='ocrx_word' id='word_1_174' title='bbox 777 1453 849 1491; x_wconf 90' lang='lat' dir='ltr'><strong>est,</strong></span> <span class='ocrx_word' id='word_1_175' title='bbox 868 1447 918 1481; x_wconf 83' lang='lat' dir='ltr'><strong>ait</strong></span> <span class='ocrx_word' id='word_1_176' title='bbox 936 1445 1097 1481; x_wconf 89' lang='lat' dir='ltr'><strong>Servius.</strong></span> 
     </span>
    </p>

    <p class='ocr_par' dir='ltr' id='par_1_4' title="bbox 160 1505 1542 2652">
     <span class='ocr_line' id='line_1_22' title="bbox 218 1505 1540 1555; baseline -0.002 -12"><span class='ocrx_word' id='word_1_177' title='bbox 218 1509 261 1543; x_wconf 78' lang='lat' dir='ltr'><strong>Si</strong></span> <span class='ocrx_word' id='word_1_178' title='bbox 275 1510 322 1543; x_wconf 87' lang='lat' dir='ltr'><strong>de</strong></span> <span class='ocrx_word' id='word_1_179' title='bbox 340 1509 476 1543; x_wconf 80' lang='lat' dir='ltr'><strong>tabulis</strong></span> <span class='ocrx_word' id='word_1_180' title='bbox 490 1517 526 1543; x_wconf 83' lang='lat' dir='ltr'><strong>et</strong></span> <span class='ocrx_word' id='word_1_181' title='bbox 529 1508 875 1555; x_wconf 66' lang='lat' dir='ltr'><strong>perscriptionibus.</strong></span> <span class='ocrx_word' id='word_1_182' title='bbox 888 1528 940 1534; x_wconf 77' lang='lat'><strong>—-</strong></span> <span class='ocrx_word' id='word_1_183' title='bbox 955 1508 987 1541; x_wconf 93' lang='lat' dir='ltr'><em>T</em></span> <span class='ocrx_word' id='word_1_184' title='bbox 985 1507 1110 1541; x_wconf 80' lang='lat' dir='ltr'><strong>abuloe</strong></span> <span class='ocrx_word' id='word_1_185' title='bbox 1122 1513 1206 1541; x_wconf 87' lang='lat' dir='ltr'><strong>sunt</strong></span> <span class='ocrx_word' id='word_1_186' title='bbox 1218 1505 1367 1551; x_wconf 86' lang='lat' dir='ltr'><strong>chartae,</strong></span> <span class='ocrx_word' id='word_1_187' title='bbox 1383 1505 1540 1552; x_wconf 88' lang='lat' dir='ltr'><strong>scripta,</strong></span> 
     </span>
     <span class='ocr_line' id='line_1_23' title="bbox 160 1566 1540 1616; baseline -0.002 -14"><span class='ocrx_word' id='word_1_188' title='bbox 160 1569 404 1604; x_wconf 88' lang='lat' dir='ltr'><strong>instrumenta</strong></span> <span class='ocrx_word' id='word_1_189' title='bbox 423 1568 514 1613; x_wconf 79' lang='lat' dir='ltr'><strong>litis3</strong></span> <span class='ocrx_word' id='word_1_190' title='bbox 535 1576 570 1603; x_wconf 89' lang='lat' dir='ltr'><strong>et</strong></span> <span class='ocrx_word' id='word_1_191' title='bbox 591 1568 742 1616; x_wconf 89' lang='lat' dir='ltr'><strong>quidem</strong></span> <span class='ocrx_word' id='word_1_192' title='bbox 760 1567 820 1601; x_wconf 91' lang='lat' dir='ltr'><strong>hic</strong></span> <span class='ocrx_word' id='word_1_193' title='bbox 845 1567 998 1613; x_wconf 79' lang='lat' dir='ltr'><strong>privatae</strong></span> <span class='ocrx_word' id='word_1_194' title='bbox 1017 1567 1151 1600; x_wconf 88' lang='lat' dir='ltr'><strong>tabulae</strong></span> <span class='ocrx_word' id='word_1_195' title='bbox 1171 1566 1540 1613; x_wconf 81' lang='lat' dir='ltr'><strong>intelliguntur3pu-</strong></span> 
     </span>
     <span class='ocr_line' id='line_1_24' title="bbox 161 1625 1539 1673; baseline -0.004 -9"><span class='ocrx_word' id='word_1_196' title='bbox 161 1629 265 1664; x_wconf 85' lang='lat' dir='ltr'><strong>blicae</strong></span> <span class='ocrx_word' id='word_1_197' title='bbox 285 1629 382 1664; x_wconf 89' lang='lat' dir='ltr'><strong>enim</strong></span> <span class='ocrx_word' id='word_1_198' title='bbox 406 1629 540 1664; x_wconf 83' lang='lat' dir='ltr'><strong>tabulae</strong></span> <span class='ocrx_word' id='word_1_199' title='bbox 560 1635 644 1662; x_wconf 90' lang='lat' dir='ltr'><strong>sunt</strong></span> <span class='ocrx_word' id='word_1_200' title='bbox 664 1627 772 1671; x_wconf 89' lang='lat' dir='ltr'><strong>libri,</strong></span> <span class='ocrx_word' id='word_1_201' title='bbox 793 1633 828 1661; x_wconf 88' lang='lat' dir='ltr'><strong>et</strong></span> <span class='ocrx_word' id='word_1_202' title='bbox 848 1626 995 1671; x_wconf 85' lang='lat' dir='ltr'><strong>litterae,</strong></span> <span class='ocrx_word' id='word_1_203' title='bbox 1016 1639 1097 1673; x_wconf 86' lang='lat' dir='ltr'><strong>quae</strong></span> <span class='ocrx_word' id='word_1_204' title='bbox 1115 1626 1303 1672; x_wconf 86' lang='lat' dir='ltr'><strong>publicam</strong></span> <span class='ocrx_word' id='word_1_205' title='bbox 1322 1625 1539 1660; x_wconf 86' lang='lat' dir='ltr'><strong>memoriam</strong></span> 
     </span>
     <span class='ocr_line' id='line_1_25' title="bbox 162 1685 1539 1736; baseline -0.004 -11"><span class='ocrx_word' id='word_1_206' title='bbox 162 1691 364 1725; x_wconf 88' lang='lat' dir='ltr'><strong>continent.</strong></span> <span class='ocrx_word' id='word_1_207' title='bbox 392 1690 640 1736; x_wconf 81' lang='lat' dir='ltr'><strong>Perscriptio,</strong></span> <span class='ocrx_word' id='word_1_208' title='bbox 671 1689 744 1723; x_wconf 91' lang='lat' dir='ltr'><strong>hoc</strong></span> <span class='ocrx_word' id='word_1_209' title='bbox 772 1689 857 1722; x_wconf 90' lang='lat' dir='ltr'><strong>loco</strong></span> <span class='ocrx_word' id='word_1_210' title='bbox 872 1715 881 1732; x_wconf 92' lang='lat'><strong>,</strong></span> <span class='ocrx_word' id='word_1_211' title='bbox 907 1687 1006 1722; x_wconf 92' lang='lat' dir='ltr'><strong>idem</strong></span> <span class='ocrx_word' id='word_1_212' title='bbox 1026 1686 1209 1735; x_wconf 86' lang='lat' dir='ltr'><strong>significat</strong></span> <span class='ocrx_word' id='word_1_213' title='bbox 1230 1686 1336 1734; x_wconf 92' lang='lat' dir='ltr'><strong>quod</strong></span> <span class='ocrx_word' id='word_1_214' title='bbox 1355 1685 1539 1733; x_wconf 87' lang='lat' dir='ltr'><strong>exceptio,</strong></span> 
     </span>
     <span class='ocr_line' id='line_1_26' title="bbox 162 1746 1540 1796; baseline -0.004 -10"><span class='ocrx_word' id='word_1_215' title='bbox 162 1763 227 1786; x_wconf 90' lang='lat' dir='ltr'><strong>seu</strong></span> <span class='ocrx_word' id='word_1_216' title='bbox 253 1750 430 1785; x_wconf 85' lang='lat' dir='ltr'><strong>exclusio.</strong></span> <span class='ocrx_word' id='word_1_217' title='bbox 456 1749 638 1796; x_wconf 83' lang='lat' dir='ltr'><strong>Exceptio</strong></span> <span class='ocrx_word' id='word_1_218' title='bbox 669 1756 722 1783; x_wconf 89' lang='lat' dir='ltr'><strong>est</strong></span> <span class='ocrx_word' id='word_1_219' title='bbox 753 1748 927 1795; x_wconf 88' lang='lat' dir='ltr'><strong>opposita</strong></span> <span class='ocrx_word' id='word_1_220' title='bbox 957 1748 1126 1795; x_wconf 82' lang='lat' dir='ltr'><strong>quaedam</strong></span> <span class='ocrx_word' id='word_1_221' title='bbox 1153 1748 1341 1791; x_wconf 88' lang='lat' dir='ltr'><strong>clausula,</strong></span> <span class='ocrx_word' id='word_1_222' title='bbox 1368 1759 1451 1794; x_wconf 89' lang='lat' dir='ltr'><strong>quae</strong></span> <span class='ocrx_word' id='word_1_223' title='bbox 1480 1746 1540 1781; x_wconf 86' lang='lat' dir='ltr'><strong>vel</strong></span> 
     </span>
     <span class='ocr_line' id='line_1_27' title="bbox 162 1808 1539 1860; baseline -0.004 -13"><span class='ocrx_word' id='word_1_224' title='bbox 162 1813 355 1860; x_wconf 89' lang='lat' dir='ltr'><strong>prohibet,</strong></span> <span class='ocrx_word' id='word_1_225' title='bbox 374 1825 421 1847; x_wconf 91' lang='lat' dir='ltr'><strong>ne</strong></span> <span class='ocrx_word' id='word_1_226' title='bbox 440 1812 523 1859; x_wconf 86' lang='lat' dir='ltr'><strong>quis</strong></span> <span class='ocrx_word' id='word_1_227' title='bbox 543 1818 643 1860; x_wconf 86' lang='lat' dir='ltr'><strong>agat,</strong></span> <span class='ocrx_word' id='word_1_228' title='bbox 670 1812 743 1845; x_wconf 90' lang='lat' dir='ltr'><strong>hoc</strong></span> <span class='ocrx_word' id='word_1_229' title='bbox 762 1817 833 1855; x_wconf 91' lang='lat' dir='ltr'><strong>est,</strong></span> <span class='ocrx_word' id='word_1_230' title='bbox 853 1811 955 1845; x_wconf 91' lang='lat' dir='ltr'><strong>litem</strong></span> <span class='ocrx_word' id='word_1_231' title='bbox 981 1810 1172 1855; x_wconf 86' lang='lat' dir='ltr'><strong>intendat,</strong></span> <span class='ocrx_word' id='word_1_232' title='bbox 1198 1810 1257 1844; x_wconf 85' lang='lat' dir='ltr'><strong>vel</strong></span> <span class='ocrx_word' id='word_1_233' title='bbox 1282 1808 1539 1843; x_wconf 87' lang='lat' dir='ltr'><strong>conditionem</strong></span> 
     </span>
     <span class='ocr_line' id='line_1_28' title="bbox 164 1868 1540 1921; baseline -0.003 -13"><span class='ocrx_word' id='word_1_234' title='bbox 164 1874 340 1920; x_wconf 88' lang='lat' dir='ltr'><strong>apponit,</strong></span> <span class='ocrx_word' id='word_1_235' title='bbox 361 1886 436 1920; x_wconf 84' lang='lat' dir='ltr'><strong>qua</strong></span> <span class='ocrx_word' id='word_1_236' title='bbox 459 1873 513 1907; x_wconf 80' lang='lat' dir='ltr'><strong>vis</strong></span> <span class='ocrx_word' id='word_1_237' title='bbox 537 1880 572 1907; x_wconf 91' lang='lat' dir='ltr'><strong>et</strong></span> <span class='ocrx_word' id='word_1_238' title='bbox 592 1871 813 1921; x_wconf 84' lang='lat' dir='ltr'><strong>significatio</strong></span> <span class='ocrx_word' id='word_1_239' title='bbox 840 1871 930 1920; x_wconf 88' lang='lat' dir='ltr'><strong>legis</strong></span> <span class='ocrx_word' id='word_1_240' title='bbox 950 1871 1133 1906; x_wconf 88' lang='lat' dir='ltr'><strong>actionem</strong></span> <span class='ocrx_word' id='word_1_241' title='bbox 1157 1869 1403 1917; x_wconf 88' lang='lat' dir='ltr'><strong>permittentis</strong></span> <span class='ocrx_word' id='word_1_242' title='bbox 1432 1868 1540 1904; x_wconf 85' lang='lat' dir='ltr'><strong>certis</strong></span> 
     </span>
     <span class='ocr_line' id='line_1_29' title="bbox 163 1931 1538 1980; baseline -0.004 -11"><span class='ocrx_word' id='word_1_243' title='bbox 163 1935 341 1970; x_wconf 86' lang='lat' dir='ltr'><strong>limitibus</strong></span> <span class='ocrx_word' id='word_1_244' title='bbox 361 1934 688 1969; x_wconf 86' lang='lat' dir='ltr'><strong>circumscribitur.</strong></span> <span class='ocrx_word' id='word_1_245' title='bbox 709 1935 841 1968; x_wconf 72' lang='lat' dir='ltr'><strong>Pnusr.</strong></span> <span class='ocrx_word' id='word_1_246' title='bbox 856 1953 906 1958; x_wconf 93' lang='lat'>—</span> <span class='ocrx_word' id='word_1_247' title='bbox 931 1933 1057 1980; x_wconf 81' lang='lat' dir='ltr'><strong>Vulgo</strong></span> <span class='ocrx_word' id='word_1_248' title='bbox 1074 1931 1441 1979; x_wconf 68' lang='lat' dir='ltr'><strong>praescriptionibus,</strong></span> <span class='ocrx_word' id='word_1_249' title='bbox 1465 1941 1538 1976; x_wconf 89' lang='lat' dir='ltr'><strong>qua</strong></span> 
     </span>
     <span class='ocr_line' id='line_1_30' title="bbox 163 1990 1540 2043; baseline -0.004 -13"><span class='ocrx_word' id='word_1_250' title='bbox 163 2009 255 2031; x_wconf 88' lang='lat' dir='ltr'><strong>voce</strong></span> <span class='ocrx_word' id='word_1_251' title='bbox 275 1994 530 2043; x_wconf 85' lang='lat' dir='ltr'><strong>significantur</strong></span> <span class='ocrx_word' id='word_1_252' title='bbox 558 1996 897 2039; x_wconf 87' lang='lat' dir='ltr'><strong>senatusconsulta,</strong></span> <span class='ocrx_word' id='word_1_253' title='bbox 927 1993 967 2028; x_wconf 91' lang='lat' dir='ltr'><strong>in</strong></span> <span class='ocrx_word' id='word_1_254' title='bbox 998 1993 1137 2040; x_wconf 90' lang='lat' dir='ltr'><strong>quibus</strong></span> <span class='ocrx_word' id='word_1_255' title='bbox 1157 1999 1369 2027; x_wconf 88' lang='lat' dir='ltr'><strong>senatorum</strong></span> <span class='ocrx_word' id='word_1_256' title='bbox 1388 1990 1540 2025; x_wconf 83' lang='lat' dir='ltr'><strong>nomina</strong></span> 
     </span>
     <span class='ocr_line' id='line_1_31' title="bbox 165 2050 1539 2105; baseline -0.007 -12"><span class='ocrx_word' id='word_1_257' title='bbox 165 2057 521 2105; x_wconf 89' lang='lat' dir='ltr'><strong>praescribebantur;</strong></span> <span class='ocrx_word' id='word_1_258' title='bbox 547 2057 612 2092; x_wconf 89' lang='lat' dir='ltr'><strong>sed</strong></span> <span class='ocrx_word' id='word_1_259' title='bbox 631 2068 706 2091; x_wconf 81' lang='lat' dir='ltr'><strong>vox</strong></span> <span class='ocrx_word' id='word_1_260' title='bbox 734 2055 837 2091; x_wconf 90' lang='lat' dir='ltr'><strong>istius</strong></span> <span class='ocrx_word' id='word_1_261' title='bbox 858 2053 1137 2104; x_wconf 87' lang='lat' dir='ltr'><strong>significationis</strong></span> <span class='ocrx_word' id='word_1_262' title='bbox 1161 2053 1248 2088; x_wconf 89' lang='lat' dir='ltr'><strong>huic</strong></span> <span class='ocrx_word' id='word_1_263' title='bbox 1275 2054 1360 2087; x_wconf 89' lang='lat' dir='ltr'><strong>loco</strong></span> <span class='ocrx_word' id='word_1_264' title='bbox 1389 2050 1539 2085; x_wconf 89' lang='lat' dir='ltr'><strong>minime</strong></span> 
     </span>
     <span class='ocr_line' id='line_1_32' title="bbox 167 2112 1539 2164; baseline -0.006 -11"><span class='ocrx_word' id='word_1_265' title='bbox 167 2118 350 2153; x_wconf 84' lang='lat' dir='ltr'><strong>convenit.</strong></span> <span class='ocrx_word' id='word_1_266' title='bbox 376 2120 512 2153; x_wconf 88' lang='lat' dir='ltr'><strong>Veram</strong></span> <span class='ocrx_word' id='word_1_267' title='bbox 551 2118 748 2152; x_wconf 87' lang='lat' dir='ltr'><strong>lectionem</strong></span> <span class='ocrx_word' id='word_1_268' title='bbox 778 2116 1100 2164; x_wconf 75' lang='lat' dir='ltr'><strong>perscriptionibus</strong></span> <span class='ocrx_word' id='word_1_269' title='bbox 1127 2114 1287 2162; x_wconf 87' lang='lat' dir='ltr'><strong>protulit</strong></span> <span class='ocrx_word' id='word_1_270' title='bbox 1316 2112 1539 2155; x_wconf 87' lang='lat' dir='ltr'><strong>Lambinus,</strong></span> 
     </span>
     <span class='ocr_line' id='line_1_33' title="bbox 167 2174 1540 2223; baseline -0.006 -9"><span class='ocrx_word' id='word_1_271' title='bbox 167 2187 313 2214; x_wconf 89' lang='lat' dir='ltr'><strong>secutus</strong></span> <span class='ocrx_word' id='word_1_272' title='bbox 345 2179 605 2214; x_wconf 86' lang='lat' dir='ltr'><strong>auctoritatem</strong></span> <span class='ocrx_word' id='word_1_273' title='bbox 635 2179 741 2213; x_wconf 87' lang='lat' dir='ltr'><strong>MSS.</strong></span> <span class='ocrx_word' id='word_1_274' title='bbox 783 2177 909 2223; x_wconf 87' lang='lat' dir='ltr'><strong>Bodl.‚</strong></span> <span class='ocrx_word' id='word_1_275' title='bbox 935 2178 1052 2222; x_wconf 55' lang='lat' dir='ltr'><strong>Now,</strong></span> <span class='ocrx_word' id='word_1_276' title='bbox 1087 2178 1218 2223; x_wconf 83' lang='lat' dir='ltr'><strong>Wag.,</strong></span> <span class='ocrx_word' id='word_1_277' title='bbox 1256 2174 1383 2219; x_wconf 87' lang='lat' dir='ltr'><strong>Norf.,</strong></span> <span class='ocrx_word' id='word_1_278' title='bbox 1414 2174 1540 2217; x_wconf 89' lang='lat' dir='ltr'><strong>Cant.,</strong></span> 
     </span>
     <span class='ocr_line' id='line_1_34' title="bbox 168 2234 1540 2285; baseline -0.005 -10"><span class='ocrx_word' id='word_1_279' title='bbox 168 2240 292 2275; x_wconf 88' lang='lat' dir='ltr'><strong>Mead.</strong></span> <span class='ocrx_word' id='word_1_280' title='bbox 313 2247 349 2274; x_wconf 90' lang='lat' dir='ltr'><strong>et</strong></span> <span class='ocrx_word' id='word_1_281' title='bbox 374 2239 488 2274; x_wconf 90' lang='lat' dir='ltr'><strong>editio</strong></span> <span class='ocrx_word' id='word_1_282' title='bbox 509 2241 662 2274; x_wconf 80' lang='lat' dir='ltr'><strong>Veneta.</strong></span> <span class='ocrx_word' id='word_1_283' title='bbox 683 2240 831 2274; x_wconf 89' lang='lat' dir='ltr'><strong>Nomen</strong></span> <span class='ocrx_word' id='word_1_284' title='bbox 843 2238 1148 2285; x_wconf 82' lang='lat' dir='ltr'><strong>perscriptionis,</strong></span> <span class='ocrx_word' id='word_1_285' title='bbox 1178 2235 1302 2283; x_wconf 89' lang='lat' dir='ltr'><strong>inquit</strong></span> <span class='ocrx_word' id='word_1_286' title='bbox 1320 2234 1540 2279; x_wconf 88' lang='lat' dir='ltr'><strong>Lambinus,</strong></span> 
     </span>
     <span class='ocr_line' id='line_1_35' title="bbox 168 2295 1539 2345; baseline -0.006 -9"><span class='ocrx_word' id='word_1_287' title='bbox 168 2302 291 2336; x_wconf 91' lang='lat' dir='ltr'><strong>locum</strong></span> <span class='ocrx_word' id='word_1_288' title='bbox 315 2301 427 2335; x_wconf 88' lang='lat' dir='ltr'><strong>habet</strong></span> <span class='ocrx_word' id='word_1_289' title='bbox 450 2300 490 2334; x_wconf 89' lang='lat' dir='ltr'><strong>in</strong></span> <span class='ocrx_word' id='word_1_290' title='bbox 509 2300 741 2345; x_wconf 90' lang='lat' dir='ltr'><strong>nominibus,</strong></span> <span class='ocrx_word' id='word_1_291' title='bbox 771 2298 906 2334; x_wconf 89' lang='lat' dir='ltr'><strong>tabulis</strong></span> <span class='ocrx_word' id='word_1_292' title='bbox 934 2306 970 2333; x_wconf 86' lang='lat' dir='ltr'><strong>et</strong></span> <span class='ocrx_word' id='word_1_293' title='bbox 998 2298 1218 2334; x_wconf 87' lang='lat' dir='ltr'><strong>rationibus.</strong></span> <span class='ocrx_word' id='word_1_294' title='bbox 1249 2297 1399 2341; x_wconf 89' lang='lat' dir='ltr'><strong>Cicero,</strong></span> <span class='ocrx_word' id='word_1_295' title='bbox 1429 2295 1539 2342; x_wconf 82' lang='lat' dir='ltr'><strong>epist.</strong></span> 
     </span>
     <span class='ocr_line' id='line_1_36' title="bbox 171 2354 1540 2405; baseline -0.004 -10"><span class='ocrx_word' id='word_1_296' title='bbox 171 2362 300 2396; x_wconf 80' lang='lat' dir='ltr'><strong>ultima</strong></span> <span class='ocrx_word' id='word_1_297' title='bbox 314 2388 324 2404; x_wconf 92' lang='lat'><strong>,</strong></span> <span class='ocrx_word' id='word_1_298' title='bbox 347 2361 410 2396; x_wconf 88' lang='lat' dir='ltr'><strong>lib.</strong></span> <span class='ocrx_word' id='word_1_299' title='bbox 434 2374 493 2405; x_wconf 81' lang='lat' dir='ltr'><strong>lv,</strong></span> <span class='ocrx_word' id='word_1_300' title='bbox 511 2362 564 2395; x_wconf 84' lang='lat' dir='ltr'><strong>ad</strong></span> <span class='ocrx_word' id='word_1_301' title='bbox 586 2361 750 2396; x_wconf 79' lang='lat' dir='ltr'><strong>Atticum</strong></span> <span class='ocrx_word' id='word_1_302' title='bbox 769 2373 780 2394; x_wconf 92' lang='grc'><strong>.·</strong></span> <span class='ocrx_word' id='word_1_303' title='bbox 801 2376 816 2391; x_wconf 88' lang='grc'>«</span> <span class='ocrx_word' id='word_1_304' title='bbox 836 2361 922 2395; x_wconf 86' lang='lat' dir='ltr'><strong>Haec</strong></span> <span class='ocrx_word' id='word_1_305' title='bbox 940 2359 1084 2405; x_wconf 87' lang='lat' dir='ltr'><strong>pactio,</strong></span> <span class='ocrx_word' id='word_1_306' title='bbox 1101 2371 1180 2394; x_wconf 92' lang='lat' dir='ltr'><strong>non</strong></span> <span class='ocrx_word' id='word_1_307' title='bbox 1207 2356 1352 2401; x_wconf 83' lang='lat' dir='ltr'><strong>verbis,</strong></span> <span class='ocrx_word' id='word_1_308' title='bbox 1379 2354 1443 2390; x_wconf 87' lang='lat' dir='ltr'><strong>sed</strong></span> <span class='ocrx_word' id='word_1_309' title='bbox 1466 2366 1540 2389; x_wconf 88' lang='lat' dir='ltr'><strong>no-</strong></span> 
     </span>
     <span class='ocr_line' id='line_1_37' title="bbox 170 2416 1541 2469; baseline -0.006 -11"><span class='ocrx_word' id='word_1_310' title='bbox 170 2423 350 2467; x_wconf 89' lang='lat' dir='ltr'><strong>minibus,</strong></span> <span class='ocrx_word' id='word_1_311' title='bbox 371 2429 406 2457; x_wconf 90' lang='lat' dir='ltr'><strong>et</strong></span> <span class='ocrx_word' id='word_1_312' title='bbox 431 2422 782 2469; x_wconf 85' lang='lat' dir='ltr'><strong>perscriptionibus,</strong></span> <span class='ocrx_word' id='word_1_313' title='bbox 809 2421 1010 2455; x_wconf 88' lang='lat' dir='ltr'><strong>multorum</strong></span> <span class='ocrx_word' id='word_1_314' title='bbox 1030 2420 1164 2454; x_wconf 88' lang='lat' dir='ltr'><strong>tabulis</strong></span> <span class='ocrx_word' id='word_1_315' title='bbox 1200 2431 1317 2466; x_wconf 87' lang='lat' dir='ltr'><strong>quum</strong></span> <span class='ocrx_word' id='word_1_316' title='bbox 1343 2429 1418 2452; x_wconf 88' lang='lat' dir='ltr'><strong>esse</strong></span> <span class='ocrx_word' id='word_1_317' title='bbox 1446 2416 1541 2451; x_wconf 84' lang='lat' dir='ltr'><strong>facta</strong></span> 
     </span>
     <span class='ocr_line' id='line_1_38' title="bbox 173 2478 1540 2529; baseline -0.007 -11"><span class='ocrx_word' id='word_1_318' title='bbox 173 2483 368 2529; x_wconf 88' lang='lat' dir='ltr'><strong>diceretur,</strong></span> <span class='ocrx_word' id='word_1_319' title='bbox 388 2495 408 2517; x_wconf 91' lang='lat' dir='ltr'><strong>a</strong></span> <span class='ocrx_word' id='word_1_320' title='bbox 438 2482 616 2517; x_wconf 89' lang='lat' dir='ltr'><strong>Memmio</strong></span> <span class='ocrx_word' id='word_1_321' title='bbox 642 2483 788 2529; x_wconf 88' lang='lat' dir='ltr'><strong>prolata</strong></span> <span class='ocrx_word' id='word_1_322' title='bbox 809 2487 903 2516; x_wconf 89' lang='lat' dir='ltr'><strong>est.»</strong></span> <span class='ocrx_word' id='word_1_323' title='bbox 922 2481 968 2515; x_wconf 92' lang='lat' dir='ltr'><strong>Et</strong></span> <span class='ocrx_word' id='word_1_324' title='bbox 993 2480 1032 2514; x_wconf 90' lang='lat' dir='ltr'><strong>in</strong></span> <span class='ocrx_word' id='word_1_325' title='bbox 1054 2481 1157 2515; x_wconf 84' lang='lat' dir='ltr'><strong>Orat.</strong></span> <span class='ocrx_word' id='word_1_326' title='bbox 1186 2492 1262 2528; x_wconf 87' lang='lat' dir='ltr'><strong>pro</strong></span> <span class='ocrx_word' id='word_1_327' title='bbox 1286 2478 1442 2519; x_wconf 84' lang='lat' dir='ltr'><strong>Roscio,</strong></span> <span class='ocrx_word' id='word_1_328' title='bbox 1475 2488 1540 2509; x_wconf 91' lang='lat' dir='ltr'><strong>co-</strong></span> 
     </span>
     <span class='ocr_line' id='line_1_39' title="bbox 175 2536 1542 2590; baseline -0.005 -13"><span class='ocrx_word' id='word_1_329' title='bbox 175 2546 295 2580; x_wconf 81' lang='lat' dir='ltr'><strong>moedo</strong></span> <span class='ocrx_word' id='word_1_330' title='bbox 315 2558 325 2578; x_wconf 95' lang='lat'><em>:</em></span> <span class='ocrx_word' id='word_1_331' title='bbox 345 2545 469 2580; x_wconf 89' lang='lat' dir='ltr'><strong>«Nam</strong></span> <span class='ocrx_word' id='word_1_332' title='bbox 493 2543 809 2590; x_wconf 87' lang='lat' dir='ltr'><strong>quemadmodum</strong></span> <span class='ocrx_word' id='word_1_333' title='bbox 833 2549 942 2588; x_wconf 90' lang='lat' dir='ltr'><strong>turpe</strong></span> <span class='ocrx_word' id='word_1_334' title='bbox 968 2548 1022 2576; x_wconf 86' lang='lat' dir='ltr'><strong>est</strong></span> <span class='ocrx_word' id='word_1_335' title='bbox 1040 2541 1224 2584; x_wconf 89' lang='lat' dir='ltr'><strong>scribere,</strong></span> <span class='ocrx_word' id='word_1_336' title='bbox 1252 2537 1357 2586; x_wconf 91' lang='lat' dir='ltr'><strong>quod</strong></span> <span class='ocrx_word' id='word_1_337' title='bbox 1375 2549 1452 2572; x_wconf 91' lang='lat' dir='ltr'><strong>non</strong></span> <span class='ocrx_word' id='word_1_338' title='bbox 1473 2536 1542 2571; x_wconf 90' lang='lat' dir='ltr'><strong>de—</strong></span> 
     </span>
     <span class='ocr_line' id='line_1_40' title="bbox 178 2596 1540 2652; baseline -0.007 -12"><span class='ocrx_word' id='word_1_339' title='bbox 178 2606 327 2650; x_wconf 75' lang='lat' dir='ltr'><strong>beatur,</strong></span> <span class='ocrx_word' id='word_1_340' title='bbox 346 2606 395 2641; x_wconf 85' lang='lat' dir='ltr'><strong>sic</strong></span> <span class='ocrx_word' id='word_1_341' title='bbox 417 2604 628 2652; x_wconf 89' lang='lat' dir='ltr'><strong>improbum</strong></span> <span class='ocrx_word' id='word_1_342' title='bbox 649 2610 702 2639; x_wconf 85' lang='lat' dir='ltr'><strong>est</strong></span> <span class='ocrx_word' id='word_1_343' title='bbox 721 2616 796 2638; x_wconf 88' lang='lat' dir='ltr'><strong>non</strong></span> <span class='ocrx_word' id='word_1_344' title='bbox 819 2602 977 2648; x_wconf 86' lang='lat' dir='ltr'><strong>referre,</strong></span> <span class='ocrx_word' id='word_1_345' title='bbox 997 2601 1101 2649; x_wconf 90' lang='lat' dir='ltr'><strong>quod</strong></span> <span class='ocrx_word' id='word_1_346' title='bbox 1127 2601 1262 2636; x_wconf 81' lang='lat' dir='ltr'><strong>debeas</strong></span> <span class='ocrx_word' id='word_1_347' title='bbox 1287 2612 1294 2633; x_wconf 93' lang='lat'>:</span> <span class='ocrx_word' id='word_1_348' title='bbox 1316 2609 1418 2645; x_wconf 82' lang='lat' dir='ltr'><strong>aeque</strong></span> <span class='ocrx_word' id='word_1_349' title='bbox 1444 2596 1540 2631; x_wconf 86' lang='lat' dir='ltr'><strong>enim</strong></span> 
     </span>
    </p>
   </div>
  </div>
 </body>
</html>
