1843 3166
705 216 844 250 LIBER
878 218 903 250 I.
1426 222 1469 254 35

119 297 312 355 corporis
339 296 443 339 vasti
470 305 599 355 atque
625 307 834 357 agrestes,
859 309 930 354 ut,
952 301 1119 344 etiamsi
1141 303 1322 361 ingeniis
1344 313 1471 363 atque

118 384 210 418 arte
234 375 426 430 valeant,
452 385 596 418 tamen
626 377 669 418 in
701 387 923 421 oratorum
954 397 1183 422 numerum
1213 382 1358 424 venire
1385 399 1468 425 non

117 455 298 514 possint.
317 456 428 498 Sunt
445 465 588 498 autem
608 456 785 515 quidam
816 458 869 500 ita
893 459 933 500 in
959 458 1108 501 iisdem
1136 459 1262 502 rebus
1287 460 1471 514 habiles,

120 534 178 576 ita
204 543 369 577 naturae
391 535 645 578 muneribus
667 538 829 591 ornati,
855 548 899 580 ut
921 555 1005 580 non
1033 539 1141 594 nati,
1163 538 1235 581 sed
1256 539 1308 581 ab
1329 538 1474 598 aliquo

117 612 198 656 deo
225 613 316 656 ficti
339 629 429 657 esse
457 614 703 658 videantur.

180 694 391 753 Magnum
413 693 630 753 quoddam
656 705 721 738 est
744 713 853 739 onus
877 706 1005 756 atque
1031 714 1208 753 munus,
1233 700 1472 758 suscipere,

116 781 249 831 atque
266 772 484 832 profiteri,
503 789 546 816 se
565 790 677 830 esse,
698 776 899 819 omnibus
920 776 1163 833 silentibus,
1186 794 1320 821 unum
1342 779 1475 821 maxi-

115 853 196 896 mis
214 851 266 895 de
280 852 430 908 rebus,
448 869 610 914 magno
628 855 671 897 in
693 866 912 899 conventu
934 856 1180 911 hominum,
1195 857 1473 901 audiendum.

116 930 250 976 Adest
279 933 395 975 enim
424 932 510 976 fere
541 950 690 990 nemo,
719 936 824 994 quin
853 937 1020 979 acutius
1048 946 1177 995 atque
1205 937 1345 979 acrius
1372 937 1475 979 vitia

118 1012 174 1054 in,
199 1011 388 1067 dicente,
428 1029 557 1072 quam
591 1024 728 1068 recta,
757 1014 913 1057 videat.
951 1018 1040 1069 Ita,
1075 1014 1286 1074 quidquid
1322 1025 1403 1070 est,
1432 1016 1474 1057 in

115 1106 202 1150 quo
224 1090 481 1148 offenditur,
502 1092 545 1135 id
565 1093 695 1136 etiam
718 1092 808 1148 illa,
824 1110 919 1153 quae
939 1093 1152 1136 laudanda
1174 1104 1294 1146 sunt,
1314 1094 1470 1137 obruit.

179 1172 332 1230 Neque
360 1171 449 1215 haec
481 1173 523 1214 in
559 1188 653 1215 eam
686 1174 943 1218 sententiam
976 1173 1172 1234 disputo,
1201 1183 1248 1216 ut
1278 1173 1472 1217 homines

115 1249 431 1306 adolescentes,
467 1252 501 1294 si
530 1251 634 1311 quid
669 1252 866 1296 naturale
895 1253 1005 1296 forte
1030 1270 1117 1296 non
1146 1253 1353 1307 habeant,
1382 1268 1474 1295 om—

116 1330 220 1373 nino
244 1346 268 1372 a
294 1329 468 1373 dicendi
491 1330 636 1373 studio
663 1330 918 1377 deterream.
941 1332 1052 1388 Quis
1082 1333 1197 1374 enim
1225 1348 1311 1374 non
1335 1331 1472 1384 videt,

114 1411 163 1453 C.
197 1407 355 1464 Coelio,
395 1409 547 1469 aequali
584 1427 700 1465 meo,
742 1427 901 1471 magno
934 1412 1090 1454 honori
1123 1411 1273 1466 fuisse,
1310 1411 1474 1454 homini

115 1504 255 1544 novo,
291 1487 409 1532 illam
445 1490 604 1550 ipsam,
643 1506 951 1551 quamcunque
987 1492 1155 1550 assequi
1192 1490 1400 1551 potuerit,
1434 1490 1475 1531 in

115 1567 299 1612 dicendo
321 1569 698 1613 mediocritatem?
720 1571 830 1626 Quis
850 1579 1042 1613 vestrum
1062 1569 1290 1630 aequalem,
1308 1570 1362 1625 Q.
1386 1571 1474 1610 Va-

114 1650 252 1705 rium,
280 1659 451 1693 vastum
486 1650 707 1693 homiuem
744 1659 873 1709 atque
906 1649 1086 1703 foedum,
1119 1666 1205 1691 non
1242 1647 1470 1707 intelligit,

114 1728 188 1772 illa
211 1730 302 1790 ipsa
322 1729 546 1784 facultate,
567 1744 872 1788 quamcunque
900 1728 1049 1783 habet,
1080 1744 1280 1789 magnam
1310 1743 1400 1770 esse
1430 1727 1472 1768 in

115 1809 291 1852 civitate
313 1810 495 1869 gratiam
519 1807 831 1852 consecutum?

178 1891 342 1933 XXVI.
379 1888 463 1933 Sed
492 1890 593 1948 quia
617 1888 668 1931 de
695 1898 866 1932 oratore
888 1889 1139 1948 quaerimus,
1160 1885 1387 1946 fingendus
1411 1896 1476 1928 est

115 1969 239 2012 nobis
264 1970 462 2012 oratione
492 1978 660 2023 nostra,
693 1969 898 2012 detractis
920 1968 1122 2012 omnibus
1145 1967 1279 2022 vitiis,
1301 1974 1468 2019 orator,

116 2059 246 2109 atque
265 2051 384 2093 omni
407 2049 534 2093 laude
560 2048 820 2093 cumulatus.
846 2049 998 2108 Neque
1020 2048 1136 2090 enim
1152 2081 1164 2100 ,
1186 2046 1219 2089 si
1239 2042 1473 2087 multitudo

116 2127 285 2185 litium,
307 2130 341 2173 si
370 2130 552 2172 varietas
577 2144 824 2183 causarum,
857 2128 890 2170 si
915 2127 1002 2170 haec
1031 2126 1178 2179 turba,
1205 2134 1248 2167 et
1270 2123 1468 2166 barbaria

117 2209 300 2253 forensis
328 2208 400 2252 dat
431 2208 574 2252 locum
604 2207 669 2251 vel
705 2207 990 2250 vitiosissimis
1020 2204 1283 2258 oratoribus,
1311 2202 1470 2244 idcirco

118 2305 197 2333 nos
218 2289 323 2344 hoc,
347 2289 463 2348 quod
485 2289 737 2348 quaerimus,
768 2288 1029 2329 omittemus.
1056 2287 1206 2344 Itaque
1233 2284 1275 2326 in
1302 2282 1350 2324 iis
1375 2281 1486 2323 arti:

117 2369 224 2422 bus,
264 2370 308 2412 in
346 2369 504 2429 quibus
531 2384 620 2412 non
663 2367 826 2410 utilitas
860 2366 1070 2424 quaeritui·
1106 2363 1369 2415 neccssaria,
1407 2359 1478 2403 scd

121 2450 254 2492 animi
295 2449 428 2493 libera
466 2448 660 2508 quaedam
697 2446 951 2500 oblectatio,
991 2461 1119 2504 quam
1164 2443 1411 2502 diligenter,
1439 2448 1477 2479 ct

122 2544 252 2587 quam
283 2546 416 2589 prope
456 2528 674 2572 fastidiose
708 2525 988 2588 judicamus?
1018 2523 1160 2569 Nullae
1203 2523 1316 2565 enim
1355 2518 1475 2562 lites,

124 2624 262 2667 neque
284 2608 586 2651 controversiae
610 2617 733 2661 sunt,
755 2623 849 2666 quae
877 2615 1035 2666 cogant
1062 2604 1274 2647 homines.
1307 2606 1417 2640 swut
1437 2612 1479 2636 ¹¹¹

1237 2677 1273 2720 3.
