1843 3166
746 183 889 220 LIBER
918 185 963 218 ΙΙ.
1470 199 1483 221 1
1493 185 1513 220 6
1525 199 1536 220 ι

232 294 293 300 —
313 270 427 311 Tum
452 266 545 323 ille,
574 268 825 322 Jocabatur,
862 268 1024 327 inquit,
1060 267 1267 323 Catulus,
1302 272 1540 330 praesertim

168 365 306 408 quum
331 349 391 393 ita
413 348 529 392 dicat
551 348 667 408 ipse,
698 357 744 391 ut
769 347 985 390 ambrosia
1009 347 1191 391 alendus
1214 365 1304 392 esse
1327 350 1540 395 videatur.

167 431 331 472 Verum
357 438 422 484 te,
454 430 613 484 Caesar,
640 426 888 480 audiamus,
917 437 963 470 ut
995 427 1049 470 ad
1078 428 1257 472 Antonii
1282 427 1449 488 reliqua
1479 447 1542 474 rc-

167 508 361 552 deamus.
377 535 440 542 ——-
455 510 512 552 Et
530 508 775 565 Antonius,
792 510 1016 568 Perpauca
1033 508 1209 568 quidem
1228 509 1336 551 mihi
1357 519 1541 566 restant,

166 589 334 648 inquit3
358 588 432 632 sed
455 598 600 632 tamen
623 588 814 632 defessus
836 590 927 648 jam
950 588 1098 632 labore
1121 599 1256 650 atque
1280 589 1436 633 itincre
1457 589 1542 633 dis-

163 668 404 729 putationis
431 685 558 725 meae,
590 669 859 729 requiescam
887 670 931 712 in
958 670 1139 713 Caesaris
1166 686 1386 725 sermone,
1416 672 1539 730 quasi

162 749 206 792 in
227 748 373 809 aliquo
394 760 727 810 peropportuno
754 750 1016 794 deversorio.

223 832 385 874 LVIII.
409 832 651 891 —-Atqui,
693 832 835 892 inquit
866 830 1026 887 Julius,
1068 848 1156 875 non
1193 832 1322 876 nimis
1360 831 1540 877 liberale

162 911 400 971 hospitium
428 928 575 955 meum
600 911 715 957 dices
737 930 746 956 :
777 928 878 955 nam
904 922 944 956 te
976 913 1020 955 in
1046 913 1181 967 viam,
1210 912 1338 957 simul
1365 930 1423 958 ac
1439 931 1538 975 per-

160 990 356 1051 paullum
383 994 572 1053 gustaris
588 1029 599 1049 ,
629 993 859 1037 extrudam
881 1003 924 1037 et
946 994 1130 1054 ejiciam.

223 1074 312 1126 Ac,
344 1088 398 1115 ne
430 1072 595 1117 diutius
623 1091 700 1117 vos
736 1074 949 1130 demorer,
994 1073 1046 1118 de
1081 1076 1200 1118 omni
1236 1077 1318 1120 isto
1354 1093 1537 1137 genere,

160 1153 267 1213 quid
293 1155 502 1210 sentiam,
540 1154 814 1215 perbreviter
844 1171 1074 1215 exponam.
1113 1157 1181 1199 De
1216 1157 1306 1200 risu
1343 1158 1538 1218 quinque

159 1243 289 1289 sunt,
317 1250 413 1294 quae
439 1244 694 1294 quaerantur
717 1252 725 1277 :
755 1251 916 1289 unum,
951 1234 1057 1294 quid
1079 1236 1160 1291 sit;
1191 1234 1397 1293 alterum,
1421 1237 1538 1281 unde

158 1315 239 1370 sit3
267 1316 466 1367 tertium,
495 1316 607 1359 sitne
632 1317 844 1372 oratoris,
877 1314 986 1358 velle
1010 1317 1147 1359 risum
1174 1333 1371 1372 movere3
1405 1334 1536 1377 quar-

158 1406 275 1452 tum,
299 1405 538 1455 quatenus3
565 1396 794 1456 quintum,
821 1412 916 1455 quae
944 1396 1031 1438 sint
1056 1412 1214 1456 genera
1239 1396 1426 1440 ridiculi.
1458 1400 1537 1442 At-

156 1492 240 1536 que
265 1475 373 1519 illud
397 1477 608 1537 primum,
636 1475 742 1536 quid
766 1476 821 1519 sit
844 1476 936 1537 ipse
959 1476 1091 1533 risus,
1118 1492 1206 1536 quo
1234 1486 1363 1537 pacto
1391 1479 1538 1522 conci-

157 1566 287 1614 tetur,
313 1557 388 1600 ubi
409 1557 482 1613 sit,
502 1556 724 1617 quomodo
742 1557 938 1611 exsistat,
963 1567 1095 1616 atque
1117 1557 1177 1600 ita
1197 1567 1375 1618 repente
1395 1575 1537 1602 erum-

154 1648 249 1700 pat,
279 1647 328 1681 ut
352 1654 453 1681 eum
481 1638 707 1698 cupientes
732 1646 903 1692 tenere,
933 1653 1222 1696 nequeamus,
1249 1648 1292 1681 et
1315 1639 1535 1698 quomodo

155 1717 285 1763 simul
309 1718 465 1775 latera,
491 1734 563 1774 os,
591 1733 742 1773 venas,
766 1716 959 1773 vultum,
985 1716 1136 1761 oculos
1153 1728 1355 1778 occupet,
1378 1719 1534 1764 viderit

155 1799 438 1843 Democritus
462 1815 472 1841 ε
510 1813 652 1857 neque
678 1798 795 1840 enim
826 1797 882 1840 ad
908 1797 1028 1841 hunc
1054 1814 1299 1842 sermonem
1327 1799 1409 1843 hoc
1435 1817 1534 1861 per-

154 1881 287 1935 tinet;
318 1889 386 1935 et,
423 1879 457 1923 si
491 1879 756 1939 pertineret,
792 1879 958 1921 nescire
990 1894 1058 1921 me
1092 1888 1234 1922 tamen
1264 1879 1306 1922 id
1335 1897 1423 1924 non
1453 1898 1534 1941 pu-

156 1959 298 2015 deret,
343 1959 463 2020 quod
499 1976 553 2003 ne
594 1959 675 2019 ipsi
714 1957 888 2018 quidem
928 1956 989 2001 illi
1028 1959 1208 2015 scirent,
1252 1961 1327 2020 qui
1361 1959 1534 2021 pollice-

154 2051 321 2085 rentur.

220 2125 366 2166 Locus
387 2131 533 2165 autem
549 2155 560 2177 ,
591 2129 633 2164 ct
651 2120 771 2180 regio
792 2121 915 2179 quasi
937 2118 1109 2163 ridiculi
1130 2120 1249 2180 (nam
1271 2120 1313 2162 id
1336 2122 1532 2181 proxime

156 2202 386 2264 quaeritur)
422 2201 695 2263 turpitudine
728 2210 770 2244 et
804 2200 1080 2243 deformitate
1117 2200 1304 2261 quadam
1335 2202 1532 2245 contine-

156 2295 228 2329 tur
253 2302 262 2329 :
293 2285 383 2328 haec
411 2284 526 2327 enim
556 2282 757 2326 ridentur
775 2280 843 2324 vel
867 2280 980 2338 sola,
1009 2280 1074 2324 vel
1100 2282 1304 2338 maxime,
1336 2299 1430 2342 quae
1456 2300 1532 2326 no-

157 2375 251 2410 tant
283 2375 327 2410 et
359 2364 589 2424 designant
622 2362 943 2422 turpitudinem
979 2360 1169 2421 aliquam
1205 2379 1292 2405 non
1330 2364 1528 2423 turpiter.

154 2450 232 2492 Est
258 2457 431 2502 autem,
469 2455 517 2488 ut
544 2444 598 2487 ad
625 2442 734 2488 illud
760 2440 936 2486 tertium
962 2443 1155 2499 veniam,
1195 2453 1258 2486 est
1282 2443 1409 2503 plane
1436 2461 1530 2487 ora-

156 2529 261 2572 toris
285 2543 458 2571 movere
486 2526 646 2580 risun13
684 2522 751 2567 vel
782 2523 900 2582 quod
931 2523 1021 2582 ipsa
1051 2521 1248 2566 hilaritas
1279 2522 1529 2566 benivolen-

156 2610 261 2653 tiam
282 2607 488 2653 coneiliat
509 2607 547 2649 ei
565 2641 576 2662 ,
597 2622 675 2666 per
693 2620 823 2664 quem
847 2604 1031 2647 excitata
1054 2613 1145 2658 est;
1172 2603 1238 2646 vel
1260 2601 1376 2661 quod
1398 2602 1528 2644 admi-

400 2699 447 2725 rr,
1274 2699 1284 2725 1
1305 2698 1317 2724 1
