1843 3166
689 222 833 256 LIBER
866 221 910 254 n.
1429 232 1471 266 91

185 308 277 349 Hoc
305 305 408 348 vitio
441 301 661 347 cumulata
701 313 765 346 est
804 302 1093 346 eruditissima
1127 301 1197 344 illa
1227 305 1477 345 Graecorum

124 386 270 429 natio:
305 385 449 444 itaque
476 382 594 442 quod
622 383 708 425 vim
735 383 865 443 hujus
896 381 996 425 mali
1026 382 1168 425 Graeci
1198 398 1285 424 non
1314 382 1481 437 vident,

123 482 178 508 ne
205 480 363 508 nomen
391 462 565 523 quidem
592 463 630 505 ei
656 463 762 506 vitio
788 463 1116 523 imposuerunt3
1151 471 1199 504 ut
1224 461 1338 503 enim
1368 477 1483 520 quae-

124 561 194 588 ras
218 545 385 598 omnia,
414 542 634 602 quomodo
660 544 801 588 Graeci
825 543 1019 603 ineptum
1047 540 1289 602 appellent,
1314 556 1401 584 non
1425 556 1488 583 re-

126 625 278 685 peries.
314 624 522 667 Omnium
550 633 695 668 autem
723 623 1008 684 ineptiarum,
1037 637 1131 682 quae
1157 630 1259 665 sunt
1291 622 1488 664 innume·

126 703 301 757 rabiles‚
343 703 462 746 haud
495 703 604 761 scio,
639 720 692 747 an
720 702 842 748 nulla
868 703 924 747 sit
949 702 1105 763 major,
1132 718 1265 762 quam
1289 699 1463 744 illorum
1481 735 1490 750 ,

128 785 204 845 qui
229 782 391 840 solent,
420 800 698 844 quocumque
728 785 771 827 in
797 782 916 840 loco,
954 798 1252 843 quoscumque
1281 781 1393 824 inter
1417 779 1494 822 ho-

130 865 268 908 mines
293 865 433 908 visum
460 874 549 921 est,
579 864 631 908 de
658 865 787 908 rebus
814 874 890 908 aut
910 862 1197 918 difficillimis,
1221 871 1400 905 autnon
1422 876 1495 903 nc-

131 945 344 1002 cessariis,
383 946 654 1006 argutissime
681 945 917 1006 disputare.
950 947 1045 988 Hoc
1079 960 1156 987 nos
1183 942 1236 986 ab
1268 941 1360 986 istis
1393 940 1496 984 ado-

132 1025 392 1070 lescentibus
421 1026 560 1070 facere
588 1026 713 1069 inviti
736 1034 778 1069 et
796 1035 1044 1069 recusantes
1062 1024 1155 1068 heri
1175 1023 1310 1067 coacti
1336 1038 1498 1066 sumus.

196 1108 250 1150 V.
265 1133 328 1139 —-
340 1108 451 1150 Tum
471 1105 673 1163 Catulus,
688 1107 757 1151 Ne
774 1106 918 1150 Graeci
933 1105 1128 1166 quidem,
1147 1104 1310 1164 inquit,
1323 1105 1500 1157 Crasse,

137 1186 211 1247 qui
241 1187 286 1230 in
315 1187 562 1230 civitatibus
588 1187 675 1230 suis
703 1185 808 1230 clari
836 1195 878 1230 et
904 1186 1051 1246 magni
1080 1184 1280 1239 fuerunt,
1306 1183 1429 1227 sicuti
1456 1192 1499 1225 tu

137 1282 206 1323 es,
236 1283 402 1327 nosque
426 1283 575 1311 omnes
597 1268 640 1310 in
661 1277 810 1310 nostra
829 1265 1052 1327 republica
1075 1264 1275 1308 volumus
1298 1280 1407 1320 esse,
1431 1263 1506 1306 ho-

138 1362 237 1390 rum
266 1350 540 1403 Graecorum,
577 1346 653 1407 qui
687 1363 732 1390 se
766 1344 987 1390 inculcant
1016 1344 1195 1389 auribus
1228 1344 1413 1398 nostris,
1449 1343 1505 1386 si-

140 1424 262 1469 miles
289 1425 490 1482 fuerunt3
519 1443 599 1470 nee
627 1436 773 1470 tamen
803 1427 848 1469 in
875 1426 966 1469 otio
993 1441 1212 1469 sermones
1233 1422 1508 1485 hujusmodi,

141 1504 541 1567 disputationesque
568 1506 806 1568 fugiebant.

204 1587 270 1631 Ac
293 1587 328 1631 si
354 1587 434 1630 tibi
459 1585 680 1644 videntur,
711 1587 786 1647 qui
817 1587 1050 1647 temporis,
1078 1585 1154 1647 qui
1177 1584 1288 1643 loci,
1325 1584 1399 1644 qui
1430 1583 1511 1627 ho-

143 1667 315 1711 minum
343 1669 556 1712 rationem
591 1684 680 1711 non
711 1667 895 1725 habent,
936 1667 1096 1728 inepti,
1133 1667 1246 1710 sieut
1272 1664 1429 1709 debent
1451 1664 1514 1707 vi-

144 1747 263 1805 deri;
305 1765 410 1792 num
442 1747 618 1792 tandem
643 1757 721 1792 aut
748 1746 869 1792 locus
898 1747 970 1792 hic
1002 1764 1091 1791 non
1123 1746 1303 1790 idoneus
1328 1744 1515 1798 videtur,

146 1830 191 1873 in
215 1845 305 1890 quo
329 1830 524 1890 porticus
551 1829 643 1873 liaec
668 1829 783 1890 ipsa,
810 1829 885 1873 ubi
909 1827 1207 1885 ambulamus,
1232 1835 1275 1870 et
1299 1824 1518 1887 palaestra,

149 1918 192 1954 et
219 1919 285 1954 tot
307 1908 414 1954 locis
435 1910 665 1966 sessiones,
694 1910 1021 1971 gymnasiorum
1044 1918 1087 1953 et
1109 1923 1349 1969 graecarum
1371 1904 1519 1966 dispu-

146 1990 363 2035 tationum
385 1990 642 2035 memoriam
662 1988 989 2050 quodammodo
1012 1985 1319 2033 commovent?
1343 1995 1419 2029 aut
1442 1986 1520 2029 im-

148 2080 390 2132 portunum
415 2081 587 2133 tempus
612 2072 658 2115 in
681 2079 806 2115 tanto
830 2071 947 2127 otio,
977 2069 1095 2131 quod
1118 2078 1161 2112 et
1185 2084 1286 2112 raro
1310 2066 1454 2121 datur,
1479 2074 1523 2109 et

150 2169 269 2196 nunc
292 2163 525 2215 peroptato
554 2153 679 2198 nobis
703 2152 854 2197 datum
886 2150 981 2196 est?
1017 2160 1092 2195 aut
1124 2150 1323 2194 homines
1354 2147 1408 2192 ab
1440 2147 1523 2190 hoc

152 2249 309 2294 genere
327 2232 634 2294 disputationis
657 2231 809 2289 alieni,
830 2232 906 2293 qui
927 2247 1078 2276 omnes
1097 2230 1143 2274 hi
1167 2245 1338 2287 sumus,
1364 2236 1415 2272 ut
1433 2227 1524 2271 sine

153 2311 220 2356 his
246 2312 401 2356 studiis
427 2314 559 2357 vitam
585 2311 750 2357 nullam
776 2328 866 2356 esse
888 2310 1129 2356 ducamus?

215 2393 450 2436 —Omnia
478 2394 578 2448 ista,
604 2394 746 2454 inquit
774 2395 977 2448 Crassus,
1007 2408 1089 2453 ego
1119 2390 1203 2436 alio
1226 2389 1357 2435 modo
1392 2388 1524 2431 inter-

154 2484 317 2535 pretor,
346 2474 418 2534 qui
450 2474 641 2534 primum
672 2472 936 2534 palaestram,
971 2482 1016 2516 et
1044 2472 1186 2528 sedes,
1223 2481 1265 2515 et
1295 2470 1492 2532 porticus
1511 2502 1522 2523 ,

155 2556 285 2599 etiam
312 2555 447 2616 ipsos,
475 2554 650 2611 Catule,
681 2556 880 2609 Graecos,
913 2553 1237 2598 exercitationis
1267 2561 1310 2596 et
1337 2549 1523 2594 delecta-

158 2637 287 2680 tionis
308 2652 458 2693 causa,
486 2652 574 2679 non
600 2634 925 2697 disputationis,
954 2635 1167 2678 invenisse
1191 2632 1391 2676 arbitror.
1412 2631 1527 2674 Nam
