1843 3166
723 194 867 228 LIBER
897 196 942 228 11.
1444 204 1514 245 149

146 277 308 337 populo
329 294 509 321 romano
531 276 624 319 dari
652 277 744 320 sine
769 276 981 320 nobilium
1005 277 1272 322 dissensione
1295 282 1512 339 potuisse3

146 375 222 413 ae,
250 359 283 402 si
317 358 397 402 illae
427 358 660 402 seditiones
691 356 818 401 saluti
855 359 956 401 huic
993 359 1158 401 civitati
1196 359 1393 415 fuissent,
1426 379 1512 406 non

146 440 379 493 continuo,
412 440 446 482 si
472 439 566 498 quis
595 448 737 483 motus
765 438 916 499 populi
943 439 1079 483 sactus
1103 448 1238 497 esset,
1263 440 1306 482 id
1326 443 1373 484 C.
1397 444 1512 486 Nor—

146 520 258 562 bano
294 521 337 563 in
368 519 533 563 nefario
554 520 756 576 crimine,
788 530 919 579 atque
949 521 993 563 in
1030 519 1182 563 fraude
1209 519 1384 581 capitali
1425 538 1514 566 csse

145 600 408 660 ponendum.
429 600 563 657 Quod
587 602 620 644 si
646 618 840 661 unquam
867 600 1030 662 populo
1052 618 1234 645 romano
1261 618 1516 646 concessum

147 690 281 737 esset,
297 690 345 724 ut
355 682 454 741 jure
468 682 709 725 concitatus
724 681 962 735 videretur,
978 681 1022 724 id
1040 681 1157 741 quod
1176 682 1386 726 docebam
1406 699 1516 744 saepe

147 776 239 805 esse
251 777 505 806 concessum
516 797 526 817 ,
545 761 709 805 nullam
729 761 801 806 illa
815 779 990 805 causam
1002 762 1231 822 justiorem
1246 762 1388 806 fuisse.
1405 766 1516 807 Tum

147 858 322 885 omnem
356 843 599 885 orationem
628 842 801 886 traduxi
831 852 874 886 et
900 843 1095 886 converti
1127 843 1171 885 in
1208 843 1515 903 increpandam

147 923 363 982 Caepionis
394 922 562 983 fugam,
595 923 639 965 in
671 922 990 983 deplorandum
1021 923 1245 966 interitum
1272 924 1514 967 exercitus:

147 1003 206 1046 sic
233 1012 275 1046 et
300 1019 452 1046 eorum
479 1002 702 1059 dolorem,
739 1004 813 1063 qui
835 1002 1043 1063 lugebant
1068 1019 1187 1059 suos,
1220 1004 1418 1047 oratione
1446 1021 1515 1048 re-

148 1083 376 1141 fricabam,
395 1095 436 1128 et
450 1086 618 1128 animos
633 1086 830 1145 equitum
844 1100 1150 1140 romanorum,
1169 1084 1285 1145 apud
1298 1102 1407 1145 quos
1424 1095 1517 1129 tum

145 1164 312 1226 judiees
337 1182 466 1209 causa
502 1166 728 1227 agebatur,
760 1165 813 1208 ad
842 1165 896 1221 Q.
926 1165 1139 1224 Caepionis
1170 1164 1337 1221 odium,
1374 1182 1398 1208 a
1430 1183 1517 1225 quo

149 1256 273 1289 erant
306 1248 387 1307 ipsi
416 1255 597 1307 propter
623 1245 789 1306 judicia
822 1244 1025 1300 alienati,
1063 1245 1324 1289 renovabam
1360 1244 1518 1307 [atque

148 1327 406 1371 revocabam
422 1325 451 1390 ].

210 1410 368 1452 XLIX.
406 1406 541 1465 Quod
567 1407 642 1451 ubi
682 1407 795 1450 sensi
821 1423 891 1451 me
926 1407 969 1450 in
994 1407 1265 1467 possessione
1294 1406 1447 1466 judicii
1472 1423 1521 1451 ac

150 1487 413 1532 defensionis
439 1504 546 1531 meae
574 1487 841 1545 constitisse,
867 1486 985 1547 quod
1011 1497 1054 1530 et
1080 1485 1232 1547 populi
1264 1486 1520 1531 benivolen-

151 1570 255 1613 tiam
290 1569 399 1612 mihi
428 1567 733 1624 conciliaram,
762 1568 886 1628 cujus
911 1568 981 1627 jus
1007 1568 1137 1610 etiam
1165 1583 1265 1610 cum
1298 1566 1521 1612 seditionis

149 1650 460 1710 conjunctione
488 1648 796 1704 defenderam,
831 1657 875 1690 et
893 1646 1091 1707 judicum
1122 1647 1290 1689 animos
1312 1656 1427 1690 totos
1452 1647 1520 1691 vel

148 1729 393 1774 calamitate
407 1730 610 1784 civitatis,
629 1727 697 1771 vel
717 1726 838 1771 luctu
852 1743 901 1771 ac
915 1726 1130 1770 desiderio
1143 1727 1494 1786 propinquorum
1508 1762 1519 1784 ,

151 1811 217 1854 vel
240 1811 340 1855 odio
363 1811 542 1872 proprio
564 1811 608 1853 in
634 1809 885 1869 Caepionem
916 1808 970 1852 ad
992 1823 1166 1851 eausam
1198 1817 1391 1850 nostram
1420 1824 1520 1852 con-

150 1902 367 1935 verteram
396 1908 405 1934 :
438 1901 543 1935 tunc
574 1889 813 1934 admiscere
839 1889 941 1932 huic
971 1888 1120 1949 generi
1150 1888 1357 1930 orationis
1390 1887 1521 1931 vehe-

150 1974 287 2017 menti
311 1983 442 2033 atque
462 1972 599 2015 atroci
620 1987 756 2032 genus
777 1968 885 2013 illud
905 1967 1092 2012 alterum
1107 2001 1118 2023 ,
1140 1966 1193 2010 de
1213 1983 1300 2027 quo
1320 1976 1420 2010 ante
1435 1966 1522 2010 dis-

151 2054 321 2114 putavi,
354 2052 544 2097 lenitatis
580 2061 622 2095 et
658 2048 1008 2094 mansuetudinis
1042 2048 1175 2108 coepi3
1212 2063 1281 2090 me
1313 2063 1393 2107 pro
1425 2063 1523 2091 meo

153 2133 315 2190 sodali,
353 2134 429 2193 qui
459 2133 568 2176 mihi
598 2133 642 2176 in
678 2131 866 2175 liberum
895 2128 990 2173 loco
1025 2144 1147 2172 more
1184 2128 1401 2187 majorum
1433 2144 1525 2171 esse

153 2214 353 2270 deberet,
377 2224 420 2258 et
439 2230 520 2275 pro
540 2230 637 2257 mea
655 2212 775 2257 omni
793 2211 907 2255 fama
925 2226 1063 2271 prope
1082 2209 1356 2268 fortunisque
1374 2208 1524 2252 decer-

155 2312 286 2351 nere3
324 2294 433 2339 nihil
467 2295 574 2339 mihi
609 2294 665 2338 ad
701 2292 1064 2338 existimationem
1091 2291 1290 2350 turpius,
1329 2288 1437 2332 nihil
1473 2289 1525 2333 ad

156 2375 353 2420 dolorem
375 2375 572 2420 acerbius
594 2374 792 2420 accidere
821 2388 970 2433 posse,
997 2388 1128 2432 quam
1156 2371 1190 2414 si
1219 2371 1281 2424 is,
1308 2370 1383 2430 qui
1415 2386 1525 2429 saepe

156 2456 430 2501 alienissimis
450 2473 475 2500 a
496 2472 564 2499 me
579 2490 591 2512 ,
617 2455 693 2500 sed
715 2455 823 2498 meis
847 2463 992 2497 tamen
1014 2451 1201 2507 civibus,
1227 2449 1353 2494 saluti
1379 2450 1524 2492 existi-

156 2555 299 2581 marer
330 2538 480 2594 fuisse,
504 2535 640 2580 sodali
663 2552 761 2580 meo
781 2533 992 2578 auxilium
1013 2533 1126 2577 ferre
1154 2549 1239 2575 non
1260 2530 1507 2591 potuissem.

220 2620 426 2663 Petebam
451 2635 473 2662 a
498 2617 735 2679 judicibus,
761 2625 807 2659 ut
834 2613 941 2658 illud
967 2615 1080 2658 aetati
1110 2629 1237 2667 meae,
1274 2620 1319 2653 ut
1344 2609 1518 2652 honori-
