1843 3166
323 186 392 227 284
824 184 888 218 DE
916 184 1161 219 ORATORE.

321 267 470 303 tractat,
507 259 736 307 digitumque
771 259 817 294 ad
852 260 970 295 sontes
1004 259 1197 294 intendens
1231 258 1360 304 docet,
1385 260 1577 307 quomodo
1603 274 1660 306 ea,

319 334 399 368 quae
425 321 589 356 universe
607 321 793 363 dicuntur,
812 320 858 354 ad
879 333 1176 368 unamquamque
1195 332 1338 355 causam
1358 320 1485 355 referri
1512 321 1662 368 possint.

318 382 377 416 Ad
395 382 641 417 inventionem
661 382 845 429 pertinent
862 381 949 427 joci.
975 383 1013 417 C.
1036 384 1066 417 J.
1091 383 1207 417 Coesar
1226 381 1359 416 Strabo
1391 381 1514 428 igitur,
1539 383 1602 429 qui
1628 383 1665 417 in

317 443 359 478 iis
378 444 548 478 omnibus
562 443 742 490 praestitit,
760 443 844 477 huic
859 443 1097 489 disputationi
1116 443 1236 487 adest,
1255 450 1289 477 et
1308 455 1348 477 ea
1371 443 1605 489 omnia,quae
1618 443 1665 478 de

316 504 408 548 jocis
432 505 608 539 didicerat
636 512 697 539 aut
718 505 991 548 observaverat,
1012 504 1048 538 iu
1069 504 1230 538 medium
1252 504 1403 550 profert.
1424 503 1566 538 Deinde
1585 506 1665 538 An—

317 565 437 599 tonius
464 566 629 611 loquitur
657 566 702 600 de
735 565 930 609 memoria,
955 565 1090 600 scilicet
1117 564 1296 599 artificiali
1327 564 1424 613 (nam
1452 577 1493 599 ea
1512 566 1588 600 sola
1608 565 1667 599 in-

315 626 495 660 ventionis
517 634 567 660 est
587 625 772 675 propria),
786 626 1034 674 brevibusque
1048 626 1186 670 omnia,
1206 637 1287 672 quae
1306 625 1353 659 ad
1371 625 1468 660 illam
1487 632 1665 673 spectant,

314 687 502 732 praeceptis
522 687 718 721 concludit.

365 746 509 780 Tertius
526 747 817 792 pomeridianam
844 746 961 781 Crassi
981 745 1267 792 disputationem
1289 747 1445 793 explicat
1465 748 1510 783 de
1534 748 1663 783 elocu-

313 809 412 842 tione
431 814 466 842 et
491 807 810 854 pronunciatione.
830 807 934 841 Prius
959 806 1072 853 igitur
1097 805 1142 840 de
1162 805 1331 841 universo
1360 820 1493 854 genere
1519 808 1665 844 dicendi

312 880 427 914 pauca
453 867 639 914 loquitur;
664 867 798 902 deinde
820 866 867 902 ad
892 879 950 901 eas
979 872 1140 913 quatuor
1166 873 1309 912 partes,
1337 867 1472 913 quibus
1505 869 1664 903 elocutio

312 929 530 972 continetur,
552 941 665 976 pure,
695 928 872 973 dilucide,
895 934 1022 962 ornate
1043 934 1077 962 et
1106 934 1190 973 apte
1210 926 1357 962 dicendi
1380 940 1455 963 sese
1481 937 1630 964 revocat
1656 943 1664 964 ι

312 990 374 1024 lias
393 990 550 1037 singulas
569 989 774 1035 percurrit,
801 988 984 1035 praecipue
1011 1000 1100 1022 vero
1122 994 1292 1022 ornatum
1312 988 1498 1024 orationis.
1526 991 1665 1035 Docet,

311 1063 391 1097 quae
409 1051 522 1085 verba
542 1050 709 1097 eligenda
728 1049 819 1094 sint,
839 1062 920 1096 quae
945 1048 1091 1097 figurae,
1112 1049 1176 1096 qui
1195 1049 1295 1096 tropi
1323 1050 1540 1095 adhihendi;
1571 1064 1665 1098 quos

309 1124 481 1146 numeros
503 1119 537 1146 et
556 1111 667 1157 pedes
686 1111 805 1146 oratio
833 1111 1007 1158 postulet.
1027 1111 1123 1145 Tum
1147 1111 1195 1145 ad
1223 1118 1427 1146 extremum
1448 1111 1494 1146 de
1520 1112 1664 1148 actione

309 1172 454 1218 quaerit,
480 1173 685 1219 docetque,
706 1171 899 1219 quomodo
918 1178 954 1207 et
980 1184 1073 1217 vox,
1092 1179 1128 1206 et
1152 1179 1292 1219 gestus,
1312 1179 1347 1207 et
1365 1173 1488 1207 vultus
1507 1172 1554 1208 ad
1575 1186 1662 1208 ora-

308 1232 447 1267 tionem
465 1233 738 1268 accommodari
758 1232 901 1267 debeat.

362 1293 435 1338 Qui
456 1293 606 1341 quidem
630 1306 771 1338 sermo,
793 1292 958 1340 quamvis
978 1293 1023 1328 ab
1042 1293 1112 1328 illis
1130 1292 1290 1329 romanis
1313 1293 1544 1339 hominibus,
1569 1307 1664 1342 quos

309 1354 436 1388 Cicero
456 1354 494 1389 in
515 1366 626 1401 opere
645 1354 787 1389 inducit
800 1381 810 1398 ,
830 1366 1019 1401 nunquam
1035 1354 1182 1389 habitus
1202 1354 1333 1398 fuerit,
1354 1361 1475 1390 tamen
1495 1362 1579 1402 apte
1598 1354 1665 1391 fin-

307 1413 407 1460 gitur
431 1414 477 1448 ad
499 1414 651 1461 gratiam
671 1421 707 1449 et
728 1414 943 1462 dignitatem
960 1414 1072 1460 hujus
1103 1414 1270 1449 oratoriae
1294 1414 1565 1461 disputationis.
1586 1418 1663 1452 Ge—

306 1486 376 1508 nus
400 1474 496 1508 enim
522 1487 733 1509 sermonum
762 1474 925 1520 positum
947 1474 986 1508 in
1011 1474 1202 1509 hominum
1232 1481 1399 1510 veterum
1428 1476 1663 1519 auctoritate,

305 1534 389 1579 plus
414 1534 536 1568 nescio
557 1534 749 1580 quomodo
769 1534 917 1568 videtur
939 1535 1074 1569 habere
1094 1535 1298 1581 gravitati53
1325 1541 1360 1570 et
1382 1535 1533 1581 quidem
1553 1537 1664 1571 datur

306 1605 347 1627 ea
367 1592 521 1642 dialogis
538 1593 644 1628 venia
658 1621 667 1639 ,
686 1600 728 1628 ut
757 1593 803 1628 de
833 1593 906 1628 suis
934 1595 1166 1628 Academicis
1188 1595 1340 1639 Cicero,
1366 1596 1429 1630 lib.
1455 1609 1517 1641 1x,
1542 1598 1662 1644 Epist.

307 1655 439 1688 Famil.
454 1680 465 1696 ,
492 1661 645 1690 testatur
670 1668 678 1689 ε
706 1670 720 1685 α
735 1656 851 1699 Puto,
875 1654 1016 1702 inquit,
1035 1655 1133 1699 fore,
1155 1654 1318 1701 mireris,
1337 1668 1452 1702 quum
1474 1657 1605 1704 legeris
1623 1658 1661 1693 id

305 1727 372 1749 nos
398 1716 542 1751 locutos
573 1729 647 1751 esse
680 1715 776 1751 inter
803 1728 891 1762 nos,
922 1715 1027 1764 quod
1053 1728 1243 1764 nunquam
1275 1717 1390 1752 locuti
1422 1730 1563 1765 sumus,
1593 1719 1674 1755 sed'

304 1776 402 1810 nosti
419 1789 560 1812 morem
580 1777 823 1825 dialogorum.
843 1793 857 1808 υ

355 1837 432 1872 Hos
450 1838 566 1873 libros
579 1838 713 1887 ‚Cicero
731 1844 817 1885 post
836 1837 1000 1873 exsilium
1019 1838 1183 1886 scripsit,
1207 1851 1304 1874 anno
1323 1840 1436 1875 aetatis
1454 1853 1526 1876 suae
1541 1839 1605 1886 52,
1625 1848 1663 1877 et

305 1897 349 1931 U.
365 1897 402 1931 C.
415 1897 507 1945 698;
524 1898 569 1933 ab
589 1898 715 1934 exsilio
727 1905 849 1934 autem
867 1899 1056 1934 restitutus
1070 1907 1122 1935 est
1133 1928 1142 1946 ,
1158 1912 1235 1935 non
1246 1899 1342 1936 circa
1355 1900 1457 1936 initia
1476 1901 1563 1936 belli
1577 1903 1658 1949 gal-

304 1956 385 2001 lici,
410 1964 453 1992 ut
472 1959 622 2006 quidam
642 1959 854 2007 opinantur,
879 1960 943 1995 sed
968 1961 1154 1996 mensibus
1179 1961 1222 1997 16
1241 1968 1439 2008 postquam
1468 1963 1585 1997 Caesar
1611 1963 1659 1998 ad

306 2016 443 2053 bellum
469 2019 639 2067 gallicum
658 2021 847 2067 profectus
867 2028 931 2056 est.
951 2021 1091 2056 Eodem
1110 2021 1205 2057 enim
1225 2028 1391 2068 tempore
1411 2028 1446 2057 et
1467 2022 1595 2058 Cicero
1621 2023 1660 2058 in

307 2077 493 2123 exsilium,
515 2086 550 2114 et
576 2082 694 2116 Caesar
720 2081 786 2116 ivit
804 2081 842 2116 in
870 2082 1024 2117 Galliam
1032 2096 1042 2128 3
1064 2083 1168 2130 quod
1191 2082 1343 2117 historia
1363 2083 1535 2118 declarat.
1556 2086 1659 2130 Quos

306 2137 419 2172 libros
448 2138 513 2173 diu
538 2141 770 2188 multumque
789 2141 827 2175 in
851 2142 1019 2178 manibus
1048 2143 1196 2188 habuit,
1223 2150 1265 2178 ut
1293 2143 1420 2178 scribit
1446 2144 1485 2178 in
1513 2145 1658 2192 Epist„

307 2197 368 2232 lib.
389 2211 440 2244 Π,
462 2201 516 2233 ad
534 2202 717 2245 Attz'cum3
740 2203 962 2251 tandemque
987 2217 1050 2240 eos
1075 2205 1238 2240 elimatos
1258 2204 1374 2240 edidit
1402 2206 1467 2241 Cn.
1492 2206 1658 2242 Domitio

308 2259 480 2306 Calvino,
507 2267 542 2296 et
568 2263 618 2297 M.
648 2263 796 2298 Valerio
819 2266 973 2300 Messala
998 2266 1229 2311 consulibus3
1250 2279 1326 2314 quo
1355 2279 1452 2302 anno
1473 2268 1525 2302 M.
1545 2268 1656 2302 Cras-

308 2331 368 2355 sus
387 2319 497 2355 Dives
515 2322 705 2367 profectus
724 2331 777 2358 est
796 2325 843 2359 ad
866 2326 1004 2361 bellum
1021 2327 1245 2373 parthicum,
1265 2328 1357 2363 sicut
1375 2340 1444 2363 nos
1463 2340 1507 2363 ex
1526 2328 1654 2363 eadem

307 2380 411 2426 epist.
441 2394 633 2428 possumus
664 2386 836 2433 augurari
847 2400 856 2431 ;
877 2387 942 2434 qui
969 2399 1085 2423 annus
1116 2388 1184 2423 fuit
1208 2389 1254 2424 ab
1284 2391 1329 2424 U.
1352 2389 1391 2424 C.
1424 2401 1513 2434 7003
1544 2388 1656 2424 aetatis

306 2439 417 2476 Tullii
441 2441 508 2487 543
535 2451 571 2479 et
589 2444 634 2479 ab
655 2445 732 2490 ejus
754 2448 945 2483 consulatu
964 2461 1096 2484 nonus.
1298 2451 1327 2485 E
1346 2462 1459 2484 MULT.
1482 2462 1588 2485 AUCT.
