1843 3166
597 213 620 245 A
628 210 918 246 DNOTATION
925 210 986 243 Es.
1390 222 1408 243 υ.
1416 209 1434 241 9
1439 222 1461 255 9

115 298 202 320 cem.
223 286 356 320 Sensus
377 293 428 319 est
448 286 559 334 igitur
580 300 587 320 :
613 286 826 332 Philosophi
847 285 1117 331 disciplinarum
1148 286 1374 330 possessione
1394 287 1460 321 de-

111 347 223 391 jecti,
251 354 370 381 tecum
396 347 591 382 interdicto
622 347 908 388 contenderent,
933 345 1244 392 quemadmodum
1271 347 1294 380 ii
1321 348 1384 393 qui
1416 348 1461 382 ab

113 419 202 453 agro
229 407 362 452 dejecti
381 414 484 450 sunt,
508 414 571 440 aut
592 406 834 440 vindiciarum
857 406 956 440 litem
976 405 1043 439 tibi
1062 405 1293 440 intenderent
1311 434 1320 448 ,
1341 415 1375 441 et
1400 408 1460 441 di·-

113 467 282 514 sciplinas
301 481 381 504 suas
405 468 473 503 sibi
500 468 691 510 afferrent3
728 474 789 501 aut
818 468 899 513 jure
923 474 1072 514 possent
1098 479 1205 514 agere
1241 475 1382 513 tecum,
1411 476 1463 512 et,

113 528 279 575 deposita
297 529 450 576 pecunia
465 556 474 573 ,
496 528 729 563 contendere.
749 530 956 563 Smssnaeus.

166 591 250 625 Cap.
271 591 338 625 XI.
362 589 470 634 Quod
485 601 568 623 eam
595 589 840 624 Charmadas.
868 590 991 635 Vulgo
1019 600 1090 634 pro
1118 588 1347 622 Charmadas
1370 589 1463 635 legi—

111 664 192 686 mus
206 651 431 693 Carneadem
441 652 534 685 male
546 650 695 685 omnino
711 663 719 684 t
736 650 795 684 hic
810 650 906 684 enim
917 650 1066 684 Crassus
1078 649 1166 683 dicit
1180 662 1216 684 se
1228 656 1445 696 quaestorem
1455 676 1464 692 ,

111 719 238 759 postea
256 724 345 746 vero
361 711 545 745 Antonius
565 723 601 746 se
618 711 878 757 proconsulem
890 739 898 754 ‚
923 710 1055 745 vidisse
1075 711 1315 753 Carneadem,
1337 717 1463 745 contra

112 772 368 807 auctoritatem
385 779 551 806 veterum
572 773 804 819 scriptorum.
825 771 991 805 Laertius
1011 771 1127 814 enim,
1149 783 1193 805 ex
1213 771 1464 817 Apollodoro,

111 833 254 879 scripsit
275 831 501 867 Carneadem
519 840 708 867 mortuum
728 844 821 875 esse,
842 833 978 878 olymp.
1005 831 1072 865 162
1094 844 1123 865 a.
1148 837 1187 876 43
1207 843 1236 865 a.
1258 833 1302 866 U.
1319 833 1356 866 C.
1378 830 1463 866 625.

111 894 259 928 Crassus
281 905 370 927 vero
391 900 550 939 quaestor
575 894 644 928 fuit
669 906 700 927 a.
730 894 775 928 U.
805 894 843 927 C.
872 892 966 935 643,
987 899 1022 926 et
1048 893 1234 926 Antonius
1264 894 1464 938 proconsul

112 967 143 989 a.
164 956 208 990 U.
234 955 272 989 C.
294 953 379 988 652.
401 955 518 988 Immo
549 954 677 988 Cicero
703 953 797 998 ipse,
823 952 859 985 in
889 953 1065 986 Academ.
1086 961 1236 999 quaest„
1260 953 1347 987 dicit
1371 955 1462 987 Car—

111 1015 237 1050 neadis
257 1014 476 1062 legationem
495 1014 662 1048 incidisse
683 1014 719 1047 in
739 1025 769 1047 a.
784 1013 828 1047 U.
853 1013 890 1048 C.
915 1011 999 1059 599.
1020 1013 1058 1047 Si
1072 1013 1184 1060 igitur
1197 1014 1344 1049 Crassus
1362 1027 1465 1060 quae-

116 1083 195 1111 stor
204 1075 297 1110 vidit
311 1075 554 1117 Carneadem,
572 1074 781 1109 Carneades
789 1081 872 1120 post
883 1073 1101 1120 legationem
1110 1074 1200 1108 vixit
1215 1079 1259 1116 44
1271 1082 1465 1119 ann0s3et‚

112 1136 142 1171 si
166 1136 350 1171 Antonius
370 1136 571 1181 proconsul
594 1148 677 1169 eum
695 1134 807 1177 vidit,
827 1134 918 1168 vixit
941 1146 1056 1168 annos
1069 1133 1114 1169 53
1129 1135 1465 1182 postlegationem;

113 1196 218 1243 quod
235 1208 312 1230 non
330 1195 523 1230 verisimile
543 1195 702 1230 videtur.
730 1195 801 1229 Sed
827 1194 981 1228 ulterius
1002 1207 1046 1228 ex
1072 1195 1152 1241 ipso
1175 1195 1352 1229 Cicerone
1371 1207 1464 1242 pro-

112 1258 266 1292 baturus
286 1269 386 1300 sum,
411 1269 534 1303 neque
560 1257 745 1299 Crassum,
764 1267 884 1302 neque
909 1255 1114 1290 Antonium
1137 1256 1269 1290 vidisse
1303 1257 1466 1291 Carnea-

111 1319 195 1353 dem
215 1331 225 1351 .·
253 1319 302 1363 1⁰,
322 1317 362 1351 in
380 1317 443 1351 lib.
468 1330 537 1362 111,
564 1329 643 1364 cap.
668 1318 730 1361 18,
751 1318 899 1352 Crassus
919 1317 1007 1351 dicit
1028 1329 1035 1350 :
1067 1333 1081 1347 «
1098 1316 1212 1362 Cujus
1232 1314 1467 1364 (Carneadis)

113 1379 179 1413 etsi
207 1391 277 1427 ego
304 1380 438 1414 multos
466 1378 652 1413 auditores
679 1378 837 1426 cognovi
872 1378 1042 1422 Athenis,
1071 1385 1137 1412 etc.
1160 1393 1174 1408 »
1202 1379 1257 1411 Ex
1283 1390 1359 1423 quo
1384 1379 1467 1411 loco

113 1439 247 1487 colligo
273 1441 440 1475 Crassum
461 1452 538 1474 non
565 1439 697 1473 vidisse
727 1438 972 1481 Carneadem3
997 1437 1103 1484 quia,
1132 1436 1161 1471 si
1189 1448 1272 1471 eum
1303 1436 1468 1479 vidisset,

112 1513 190 1535 non
209 1500 336 1535 Soceri
360 1507 422 1534 aut
448 1500 588 1534 Metelli
616 1512 703 1534 usus
728 1506 820 1534 esset
844 1498 1007 1544 judicio,
1043 1498 1107 1533 sed
1134 1510 1212 1533 su0.
1241 1499 1358 1531 Porro
1381 1497 1470 1531 dicit

112 1561 165 1595 ibi
185 1561 332 1596 Crassus
350 1561 540 1595 Metellum
563 1560 831 1594 adolescentem
849 1559 979 1599 fuisse,
1001 1571 1116 1604 quum
1136 1558 1283 1592 audiret
1308 1558 1468 1591 Carnea«

113 1623 197 1657 dem
222 1622 396 1669 affectum
415 1628 538 1655 oetatc.
565 1620 737 1654 Metellus
761 1630 850 1653 vero
870 1619 998 1653 consul
1021 1617 1090 1652 fuit
1109 1630 1140 1652 a.
1164 1616 1259 1662 6453
1279 1630 1368 1664 ergo
1392 1629 1468 1652 non

114 1683 289 1718 credibile
311 1689 364 1716 est
391 1680 615 1716 Carneadem
634 1679 766 1714 vixisse
786 1691 902 1726 usque
928 1679 975 1714 ad
994 1685 1213 1725 quaesturam
1237 1678 1372 1722 Crassi,
1397 1678 1469 1713 hoc

92 1741 97 1791 ζ
115 1751 188 1787 est,
208 1755 311 1790 paene
325 1742 372 1777 ad
391 1742 619 1776 consulatum
639 1740 800 1782 Metelli,
822 1741 939 1774 multo
954 1747 1075 1774 autem
1094 1739 1215 1774 minus
1234 1739 1280 1773 ad
1302 1751 1468 1785 procon-

94 1800 97 1803 ’
115 1805 272 1840 sulatum
293 1803 466 1845 Antonii3
489 1802 543 1846 2⁰,
565 1801 602 1835 in
623 1801 684 1836 lib.
706 1814 758 1845 Π,
774 1814 853 1848 cap.
870 1802 930 1846 37,
952 1801 1115 1847 itemque
1134 1800 1171 1834 in
1189 1801 1260 1835 hoc
1279 1800 1470 1846 ipsoloco,

115 1878 191 1899 non
211 1865 256 1899 de
274 1862 439 1906 homine,
469 1874 579 1909 quem
610 1861 733 1905 novit,
763 1862 910 1896 Crassus
934 1861 1118 1908 loquitur,
1146 1861 1208 1895 sed
1236 1860 1325 1895 dicit
1351 1860 1470 1894 homi—

117 1938 223 1968 nem,
245 1934 282 1960 ut
295 1924 489 1970 ferebant,
511 1930 599 1967 ctc.;
620 1923 675 1967 30,
697 1930 737 1957 ut
757 1935 794 1957 se
812 1923 922 1957 habet
944 1923 1093 1969 vulgata
1112 1922 1241 1965 lectio,
1264 1921 1471 1955 Carneades

120 1986 321 2021 Carneadis
341 1984 490 2019 auditor
510 1983 596 2027 fuit;
624 1995 700 2029 quo
719 1983 810 2030 quid
829 1983 1012 2029 ineptius?
1033 1983 1088 2017 his
1114 1982 1321 2017 rationibus
1347 1981 1469 2016 addu-

119 2054 219 2091 ctus,
239 2047 424 2095 vulgatam
442 2044 638 2079 lectionem
657 2044 795 2090 rejicio.
817 2045 890 2078 Cur
910 2050 1029 2078 autern
1056 2043 1287 2077 Charmadas
1299 2041 1472 2089 reposui,

119 2107 245 2154 paucis
275 2107 363 2142 sciat
382 2107 527 2141 lector:
553 2106 591 2139 1⁰
621 2105 698 2139 MS.
726 2105 828 2139 Cant.
859 2105 970 2139 habet
996 2104 1233 2145 Carmeades,
1259 2103 1349 2137 Bod.
1378 2102 1472 2136 Car-

95 2159 99 2216 *-
119 2169 273 2211 niadas3
285 2180 366 2215 quae
377 2180 471 2211 vox,
484 2167 513 2201 si
526 2173 706 2213 punctum
725 2165 852 2200 litterae
871 2167 886 2200 ἱ
902 2166 1027 2209 tollas,
1047 2172 1100 2200 est
1117 2164 1347 2206 Carmacla55
1368 2163 1471 2197 MSS.

96 2224 100 2230 ⁴
120 2241 208 2263 vero
223 2230 327 2263 Joan.
347 2234 384 2262 et
400 2228 499 2262 Harl.
525 2240 539 2261 1
555 2254 564 2271 ,
589 2226 818 2260 Charmadas
841 2226 879 2260 in
896 2227 966 2260 hoc
986 2227 1084 2269 loco,
1106 2232 1141 2260 et
1161 2224 1278 2259 tribus
1297 2224 1473 2270 frequen-

122 2289 297 2334 tibus,de
316 2288 451 2335 quibus
469 2300 556 2322 mox
576 2288 741 2322 dicturus
760 2300 860 2331 sum;
882 2288 923 2321 2⁰
944 2287 982 2321 in
993 2287 1168 2328 Oratore,
1196 2286 1258 2329 16,
1282 2297 1396 2331 quum
1417 2284 1475 2318 di-

123 2349 219 2384 citur
247 2362 254 2383 :
277 2365 290 2379 «
311 2349 451 2383 Scitum
474 2355 526 2383 est
553 2348 669 2392 enim,
689 2348 793 2395 quod
815 2347 1021 2382 Carneades
1041 2348 1162 2382 dicere
1188 2346 1329 2381 solebat
1354 2344 1473 2380 Clito-

124 2411 294 2445 machum
323 2409 450 2443 eadem
483 2409 620 2453 dicere,
646 2410 872 2444 Carneadem
891 2408 1023 2443 eodem
1051 2409 1159 2443 etiam
1190 2407 1304 2442 modo
1331 2406 1475 2449 dicere;

123 2470 293 2505 nonnulli
314 2482 408 2517 quos
429 2469 523 2512 vidi,
542 2470 644 2505 MSS.
663 2470 800 2504 habent
814 2469 864 2504 ibi
888 2469 1154 2512 Charmadam,
1175 2473 1349 2515 poscente
1369 2466 1474 2500 etiam

101 2546 104 2550 ’
125 2545 242 2567 sensu.
264 2533 366 2567 Patet
397 2530 492 2565 enim
522 2542 566 2565 ex
596 2531 660 2564 lib.
682 2544 733 2574 11,
756 2543 833 2577 cap.
866 2529 932 2574 88,
951 2530 1035 2575 ubi,
1059 2530 1187 2566 Jonsio
1219 2528 1379 2575 primum
1403 2538 1474 2561 no-

127 2600 242 2638 tante,
274 2599 309 2627 et
337 2592 529 2627 Gronovio
569 2592 819 2638 approbante,
854 2604 924 2638 pro
955 2592 1180 2628 Carneadem
1215 2591 1288 2637 jam
1324 2588 1476 2637 legimus

293 2675 338 2702 11.
1265 2672 1317 2714 19
