<?xml version="1.0" encoding="UTF-8"?>
<!DOCTYPE html PUBLIC "-//W3C//DTD XHTML 1.0 Transitional//EN"
    "http://www.w3.org/TR/xhtml1/DTD/xhtml1-transitional.dtd">
<html xmlns="http://www.w3.org/1999/xhtml" xml:lang="en" lang="en">
 <head>
  <title>
</title>
<meta http-equiv="Content-Type" content="text/html;charset=utf-8" />
  <meta name='ocr-system' content='tesseract 3.04.00' />
  <meta name='ocr-capabilities' content='ocr_page ocr_carea ocr_par ocr_line ocrx_word'/>
</head>
<body>
  <div class='ocr_page' id='page_1' title='image "./deoratorelibritr00ciceuoft_0336.png"; bbox 0 0 1843 3166; ppageno 0'>
   <div class='ocr_carea' id='block_1_1' title="bbox 298 177 1139 226">
    <p class='ocr_par' dir='ltr' id='par_1_1' title="bbox 298 177 1139 226">
     <span class='ocr_line' id='line_1_1' title="bbox 298 177 1139 226; baseline -0.014 -4"><span class='ocrx_word' id='word_1_1' title='bbox 298 187 341 222; x_wconf 82' lang='lat'>32</span> <span class='ocrx_word' id='word_1_2' title='bbox 350 190 369 226; x_wconf 65' lang='grc'><strong>4</strong></span> <span class='ocrx_word' id='word_1_3' title='bbox 798 180 863 215; x_wconf 91' lang='lat' dir='ltr'>DE</span> <span class='ocrx_word' id='word_1_4' title='bbox 892 177 1139 214; x_wconf 87' lang='lat' dir='ltr'>ORATORE.</span> 
     </span>
    </p>
   </div>
   <div class='ocr_carea' id='block_1_2' title="bbox 297 249 1673 2604">
    <p class='ocr_par' dir='ltr' id='par_1_2' title="bbox 297 249 1666 1212">
     <span class='ocr_line' id='line_1_2' title="bbox 297 249 1649 303; baseline -0.009 -10"><span class='ocrx_word' id='word_1_5' title='bbox 297 258 412 293; x_wconf 85' lang='lat' dir='ltr'>matis.</span> <span class='ocrx_word' id='word_1_6' title='bbox 433 273 447 288; x_wconf 69' lang='lat'>&gt;1</span> <span class='ocrx_word' id='word_1_7' title='bbox 478 255 550 292; x_wconf 85' lang='lat' dir='ltr'>Sed</span> <span class='ocrx_word' id='word_1_8' title='bbox 593 255 704 303; x_wconf 83' lang='lat' dir='ltr'>digna</span> <span class='ocrx_word' id='word_1_9' title='bbox 735 254 883 290; x_wconf 87' lang='lat' dir='ltr'>interim</span> <span class='ocrx_word' id='word_1_10' title='bbox 922 259 1055 288; x_wconf 89' lang='lat' dir='ltr'>notatu</span> <span class='ocrx_word' id='word_1_11' title='bbox 1089 257 1143 286; x_wconf 90' lang='lat' dir='ltr'>est</span> <span class='ocrx_word' id='word_1_12' title='bbox 1174 249 1282 285; x_wconf 88' lang='lat' dir='ltr'>lectio</span> <span class='ocrx_word' id='word_1_13' title='bbox 1305 277 1315 295; x_wconf 84' lang='lat'>‚</span> <span class='ocrx_word' id='word_1_14' title='bbox 1352 262 1462 297; x_wconf 86' lang='lat' dir='ltr'>quam</span> <span class='ocrx_word' id='word_1_15' title='bbox 1505 254 1649 283; x_wconf 84' lang='lat' dir='ltr'>servant</span> 
     </span>
     <span class='ocr_line' id='line_1_3' title="bbox 297 310 1651 354; baseline -0.009 0"><span class='ocrx_word' id='word_1_16' title='bbox 297 320 401 354; x_wconf 80' lang='lat' dir='ltr'>MSS.</span> <span class='ocrx_word' id='word_1_17' title='bbox 426 319 533 353; x_wconf 88' lang='lat' dir='ltr'>Joan.</span> <span class='ocrx_word' id='word_1_18' title='bbox 560 318 656 352; x_wconf 86' lang='lat' dir='ltr'>Nov.</span> <span class='ocrx_word' id='word_1_19' title='bbox 680 316 802 352; x_wconf 90' lang='lat' dir='ltr'>Mead.</span> <span class='ocrx_word' id='word_1_20' title='bbox 830 316 932 350; x_wconf 83' lang='lat' dir='ltr'>Harl.</span> <span class='ocrx_word' id='word_1_21' title='bbox 953 326 973 349; x_wconf 84' lang='lat'><strong>2</strong></span> <span class='ocrx_word' id='word_1_22' title='bbox 1007 320 1042 348; x_wconf 88' lang='lat' dir='ltr'>et</span> <span class='ocrx_word' id='word_1_23' title='bbox 1069 313 1144 347; x_wconf 87' lang='lat' dir='ltr'>Bal.</span> <span class='ocrx_word' id='word_1_24' title='bbox 1177 324 1185 345; x_wconf 72' lang='grc' dir='ltr'>ι</span> <span class='ocrx_word' id='word_1_25' title='bbox 1225 327 1239 343; x_wconf 75' lang='grc' dir='ltr'>α</span> <span class='ocrx_word' id='word_1_26' title='bbox 1261 310 1453 346; x_wconf 78' lang='lat' dir='ltr'>contrariis</span> <span class='ocrx_word' id='word_1_27' title='bbox 1484 321 1651 344; x_wconf 88' lang='lat' dir='ltr'>commo—</span> 
     </span>
     <span class='ocr_line' id='line_1_4' title="bbox 302 370 1651 420; baseline -0.008 -6"><span class='ocrx_word' id='word_1_28' title='bbox 302 379 465 414; x_wconf 79' lang='lat' dir='ltr'>tionibus</span> <span class='ocrx_word' id='word_1_29' title='bbox 496 377 681 413; x_wconf 83' lang='lat' dir='ltr'>efferenda</span> <span class='ocrx_word' id='word_1_30' title='bbox 711 383 837 412; x_wconf 85' lang='lat' dir='ltr'>sunt.»</span> <span class='ocrx_word' id='word_1_31' title='bbox 871 375 909 411; x_wconf 90' lang='lat' dir='ltr'>Si</span> <span class='ocrx_word' id='word_1_32' title='bbox 934 387 1009 410; x_wconf 78' lang='lat' dir='ltr'>vox</span> <span class='ocrx_word' id='word_1_33' title='bbox 1033 373 1225 420; x_wconf 71' lang='lat' dir='ltr'>‹fserenda</span> <span class='ocrx_word' id='word_1_34' title='bbox 1242 371 1422 420; x_wconf 82' lang='lat' dir='ltr'>significat</span> <span class='ocrx_word' id='word_1_35' title='bbox 1444 370 1651 411; x_wconf 73' lang='lat' dir='ltr'>vincenda,</span> 
     </span>
     <span class='ocr_line' id='line_1_5' title="bbox 299 427 1655 487; baseline -0.008 -13"><span class='ocrx_word' id='word_1_36' title='bbox 299 440 531 487; x_wconf 79' lang='lat' dir='ltr'>superanda,</span> <span class='ocrx_word' id='word_1_37' title='bbox 568 438 719 473; x_wconf 88' lang='lat' dir='ltr'>omnino</span> <span class='ocrx_word' id='word_1_38' title='bbox 753 436 901 472; x_wconf 86' lang='lat' dir='ltr'>retineri</span> <span class='ocrx_word' id='word_1_39' title='bbox 928 436 1048 471; x_wconf 88' lang='lat' dir='ltr'>debet.</span> <span class='ocrx_word' id='word_1_40' title='bbox 1078 433 1236 468; x_wconf 83' lang='lat' dir='ltr'>Videtur</span> <span class='ocrx_word' id='word_1_41' title='bbox 1262 439 1383 467; x_wconf 89' lang='lat' dir='ltr'>autem</span> <span class='ocrx_word' id='word_1_42' title='bbox 1410 432 1482 466; x_wconf 90' lang='lat' dir='ltr'>hoc</span> <span class='ocrx_word' id='word_1_43' title='bbox 1513 427 1655 478; x_wconf 82' lang='lat' dir='ltr'>signifi—</span> 
     </span>
     <span class='ocr_line' id='line_1_6' title="bbox 301 492 1655 545; baseline -0.008 -10"><span class='ocrx_word' id='word_1_44' title='bbox 301 512 384 535; x_wconf 81' lang='lat' dir='ltr'>care</span> <span class='ocrx_word' id='word_1_45' title='bbox 405 500 443 534; x_wconf 85' lang='lat' dir='ltr'>in</span> <span class='ocrx_word' id='word_1_46' title='bbox 476 501 616 534; x_wconf 70' lang='lat' dir='ltr'>Tuscnl.</span> <span class='ocrx_word' id='word_1_47' title='bbox 647 500 741 545; x_wconf 77' lang='lat' dir='ltr'>disp.</span> <span class='ocrx_word' id='word_1_48' title='bbox 757 524 768 540; x_wconf 84' lang='lat'><em>,</em></span> <span class='ocrx_word' id='word_1_49' title='bbox 789 510 847 542; x_wconf 79' lang='lat' dir='ltr'>w,</span> <span class='ocrx_word' id='word_1_50' title='bbox 874 509 921 544; x_wconf 87' lang='lat'>29</span> <span class='ocrx_word' id='word_1_51' title='bbox 942 509 949 531; x_wconf 90' lang='lat'>:</span> <span class='ocrx_word' id='word_1_52' title='bbox 971 511 985 527; x_wconf 66' lang='lat' dir='ltr'>c&lt;</span> <span class='ocrx_word' id='word_1_53' title='bbox 1005 493 1119 539; x_wconf 91' lang='lat' dir='ltr'>Quod</span> <span class='ocrx_word' id='word_1_54' title='bbox 1142 506 1219 529; x_wconf 91' lang='lat' dir='ltr'>non</span> <span class='ocrx_word' id='word_1_55' title='bbox 1237 501 1367 528; x_wconf 85' lang='lat' dir='ltr'>natura</span> <span class='ocrx_word' id='word_1_56' title='bbox 1393 492 1553 526; x_wconf 89' lang='lat' dir='ltr'>humana</span> <span class='ocrx_word' id='word_1_57' title='bbox 1585 502 1655 537; x_wconf 89' lang='lat' dir='ltr'>pa-</span> 
     </span>
     <span class='ocr_line' id='line_1_7' title="bbox 301 551 1656 605; baseline -0.007 -10"><span class='ocrx_word' id='word_1_58' title='bbox 301 560 426 596; x_wconf 83' lang='lat' dir='ltr'>tienda</span> <span class='ocrx_word' id='word_1_59' title='bbox 456 560 626 595; x_wconf 76' lang='lat' dir='ltr'>efferat.»</span> <span class='ocrx_word' id='word_1_60' title='bbox 654 558 850 605; x_wconf 85' lang='lat' dir='ltr'>Calepinus</span> <span class='ocrx_word' id='word_1_61' title='bbox 883 558 921 592; x_wconf 90' lang='lat' dir='ltr'>in</span> <span class='ocrx_word' id='word_1_62' title='bbox 948 558 1017 592; x_wconf 82' lang='lat' dir='ltr'>lex.</span> <span class='ocrx_word' id='word_1_63' title='bbox 1055 555 1143 591; x_wconf 90' lang='lat' dir='ltr'>dicit</span> <span class='ocrx_word' id='word_1_64' title='bbox 1175 554 1307 600; x_wconf 60' lang='lat' dir='ltr'>(fferre</span> <span class='ocrx_word' id='word_1_65' title='bbox 1347 551 1550 601; x_wconf 82' lang='lat' dir='ltr'>siguificare</span> <span class='ocrx_word' id='word_1_66' title='bbox 1569 551 1656 587; x_wconf 82' lang='lat' dir='ltr'>vin-</span> 
     </span>
     <span class='ocr_line' id='line_1_8' title="bbox 302 613 1656 668; baseline -0.006 -13"><span class='ocrx_word' id='word_1_67' title='bbox 302 633 403 664; x_wconf 65' lang='lat' dir='ltr'>cere,</span> <span class='ocrx_word' id='word_1_68' title='bbox 434 631 622 668; x_wconf 75' lang='lat' dir='ltr'>superare,</span> <span class='ocrx_word' id='word_1_69' title='bbox 654 618 759 666; x_wconf 85' lang='lat' dir='ltr'>quasi</span> <span class='ocrx_word' id='word_1_70' title='bbox 794 626 901 654; x_wconf 76' lang='lat' dir='ltr'>extra</span> <span class='ocrx_word' id='word_1_71' title='bbox 926 617 1053 664; x_wconf 76' lang='lat' dir='ltr'>ferre;</span> <span class='ocrx_word' id='word_1_72' title='bbox 1078 624 1114 651; x_wconf 89' lang='lat' dir='ltr'>et</span> <span class='ocrx_word' id='word_1_73' title='bbox 1148 615 1195 650; x_wconf 89' lang='lat' dir='ltr'>ad</span> <span class='ocrx_word' id='word_1_74' title='bbox 1238 627 1318 650; x_wconf 86' lang='lat' dir='ltr'>eam</span> <span class='ocrx_word' id='word_1_75' title='bbox 1352 613 1656 662; x_wconf 83' lang='lat' dir='ltr'>significationem</span> 
     </span>
     <span class='ocr_line' id='line_1_9' title="bbox 304 673 1658 725; baseline -0.004 -11"><span class='ocrx_word' id='word_1_76' title='bbox 304 681 406 715; x_wconf 87' lang='lat' dir='ltr'>istius</span> <span class='ocrx_word' id='word_1_77' title='bbox 441 680 541 713; x_wconf 86' lang='lat' dir='ltr'>vocis</span> <span class='ocrx_word' id='word_1_78' title='bbox 577 679 832 725; x_wconf 86' lang='lat' dir='ltr'>probandam,</span> <span class='ocrx_word' id='word_1_79' title='bbox 868 679 919 713; x_wconf 87' lang='lat' dir='ltr'>sic</span> <span class='ocrx_word' id='word_1_80' title='bbox 956 679 1080 712; x_wconf 91' lang='lat' dir='ltr'>locum</span> <span class='ocrx_word' id='word_1_81' title='bbox 1118 677 1220 711; x_wconf 89' lang='lat' dir='ltr'>hunc</span> <span class='ocrx_word' id='word_1_82' title='bbox 1259 676 1345 710; x_wconf 87' lang='lat' dir='ltr'>citat</span> <span class='ocrx_word' id='word_1_83' title='bbox 1381 687 1388 709; x_wconf 91' lang='lat'>:</span> <span class='ocrx_word' id='word_1_84' title='bbox 1421 691 1435 706; x_wconf 85' lang='lat'>«</span> <span class='ocrx_word' id='word_1_85' title='bbox 1457 673 1658 710; x_wconf 70' lang='lat' dir='ltr'>Contrariis</span> 
     </span>
     <span class='ocr_line' id='line_1_10' title="bbox 305 733 1661 775; baseline -0.005 0"><span class='ocrx_word' id='word_1_86' title='bbox 305 739 615 775; x_wconf 82' lang='lat' dir='ltr'>commotionibus</span> <span class='ocrx_word' id='word_1_87' title='bbox 644 739 834 773; x_wconf 85' lang='lat' dir='ltr'>efferenda</span> <span class='ocrx_word' id='word_1_88' title='bbox 861 744 956 773; x_wconf 89' lang='lat' dir='ltr'>sunt.</span> <span class='ocrx_word' id='word_1_89' title='bbox 973 753 987 768; x_wconf 72' lang='lat' dir='ltr'>n</span> <span class='ocrx_word' id='word_1_90' title='bbox 1016 737 1125 773; x_wconf 89' lang='lat' dir='ltr'>Unde</span> <span class='ocrx_word' id='word_1_91' title='bbox 1159 742 1302 771; x_wconf 88' lang='lat' dir='ltr'>constat</span> <span class='ocrx_word' id='word_1_92' title='bbox 1331 735 1369 770; x_wconf 89' lang='lat' dir='ltr'>in</span> <span class='ocrx_word' id='word_1_93' title='bbox 1402 735 1587 770; x_wconf 82' lang='lat' dir='ltr'>veteribus</span> <span class='ocrx_word' id='word_1_94' title='bbox 1614 733 1661 768; x_wconf 91' lang='lat' dir='ltr'>li—</span> 
     </span>
     <span class='ocr_line' id='line_1_11' title="bbox 304 795 1659 847; baseline -0.005 -12"><span class='ocrx_word' id='word_1_95' title='bbox 304 801 379 835; x_wconf 87' lang='lat' dir='ltr'>bris</span> <span class='ocrx_word' id='word_1_96' title='bbox 391 828 400 845; x_wconf 89' lang='lat'>,</span> <span class='ocrx_word' id='word_1_97' title='bbox 420 800 556 847; x_wconf 88' lang='lat' dir='ltr'>quibus</span> <span class='ocrx_word' id='word_1_98' title='bbox 575 807 627 835; x_wconf 89' lang='lat' dir='ltr'>est</span> <span class='ocrx_word' id='word_1_99' title='bbox 640 812 726 834; x_wconf 90' lang='lat' dir='ltr'>usus</span> <span class='ocrx_word' id='word_1_100' title='bbox 738 799 933 845; x_wconf 87' lang='lat' dir='ltr'>Calepinus</span> <span class='ocrx_word' id='word_1_101' title='bbox 945 826 954 843; x_wconf 85' lang='lat'>‚</span> <span class='ocrx_word' id='word_1_102' title='bbox 968 797 1162 844; x_wconf 74' lang='lat' dir='ltr'>‹fflrenda</span> <span class='ocrx_word' id='word_1_103' title='bbox 1180 796 1369 831; x_wconf 81' lang='lat' dir='ltr'>exstitisse.</span> <span class='ocrx_word' id='word_1_104' title='bbox 1384 796 1537 831; x_wconf 89' lang='lat' dir='ltr'>Carolus</span> <span class='ocrx_word' id='word_1_105' title='bbox 1551 795 1659 830; x_wconf 87' lang='lat' dir='ltr'>etiam</span> 
     </span>
     <span class='ocr_line' id='line_1_12' title="bbox 305 855 1662 907; baseline -0.005 -11"><span class='ocrx_word' id='word_1_106' title='bbox 305 861 513 907; x_wconf 82' lang='lat' dir='ltr'>Stephanus</span> <span class='ocrx_word' id='word_1_107' title='bbox 538 859 677 895; x_wconf 86' lang='lat' dir='ltr'>invenit</span> <span class='ocrx_word' id='word_1_108' title='bbox 696 858 887 906; x_wconf 68' lang='lat' dir='ltr'>efferenda</span> <span class='ocrx_word' id='word_1_109' title='bbox 912 858 950 893; x_wconf 93' lang='lat' dir='ltr'>in</span> <span class='ocrx_word' id='word_1_110' title='bbox 975 857 1048 893; x_wconf 90' lang='lat' dir='ltr'>suis</span> <span class='ocrx_word' id='word_1_111' title='bbox 1067 864 1155 892; x_wconf 83' lang='lat' dir='ltr'>vett.</span> <span class='ocrx_word' id='word_1_112' title='bbox 1175 856 1289 891; x_wconf 86' lang='lat' dir='ltr'>libris.</span> <span class='ocrx_word' id='word_1_113' title='bbox 1309 858 1445 891; x_wconf 65' lang='lat' dir='ltr'>Pmnc.</span> <span class='ocrx_word' id='word_1_114' title='bbox 1462 876 1507 882; x_wconf 89' lang='lat'>—</span> <span class='ocrx_word' id='word_1_115' title='bbox 1521 855 1662 890; x_wconf 88' lang='lat' dir='ltr'>Pearcii</span> 
     </span>
     <span class='ocr_line' id='line_1_13' title="bbox 307 916 1663 969; baseline -0.006 -11"><span class='ocrx_word' id='word_1_116' title='bbox 307 923 519 969; x_wconf 88' lang='lat' dir='ltr'>conjectura</span> <span class='ocrx_word' id='word_1_117' title='bbox 539 922 758 968; x_wconf 79' lang='lat' dir='ltr'>infirmanda</span> <span class='ocrx_word' id='word_1_118' title='bbox 776 921 883 955; x_wconf 82' lang='lat' dir='ltr'>valde</span> <span class='ocrx_word' id='word_1_119' title='bbox 904 922 1024 967; x_wconf 88' lang='lat' dir='ltr'>placet</span> <span class='ocrx_word' id='word_1_120' title='bbox 1043 919 1254 966; x_wconf 81' lang='lat' dir='ltr'>:vulgatum</span> <span class='ocrx_word' id='word_1_121' title='bbox 1272 916 1455 964; x_wconf 84' lang='lat' dir='ltr'>explicare</span> <span class='ocrx_word' id='word_1_122' title='bbox 1477 929 1555 951; x_wconf 90' lang='lat' dir='ltr'>non</span> <span class='ocrx_word' id='word_1_123' title='bbox 1572 928 1641 963; x_wconf 90' lang='lat' dir='ltr'>pos</span> <span class='ocrx_word' id='word_1_124' title='bbox 1653 936 1663 942; x_wconf 94' lang='lat'>-</span> 
     </span>
     <span class='ocr_line' id='line_1_14' title="bbox 307 976 1665 1025; baseline -0.006 -7"><span class='ocrx_word' id='word_1_125' title='bbox 307 996 398 1018; x_wconf 89' lang='lat' dir='ltr'>sum.</span> <span class='ocrx_word' id='word_1_126' title='bbox 424 985 468 1018; x_wconf 89' lang='lat' dir='ltr'>ln</span> <span class='ocrx_word' id='word_1_127' title='bbox 483 984 560 1018; x_wconf 85' lang='lat' dir='ltr'>MS.</span> <span class='ocrx_word' id='word_1_128' title='bbox 581 984 621 1018; x_wconf 91' lang='lat' dir='ltr'>E.</span> <span class='ocrx_word' id='word_1_129' title='bbox 636 982 674 1016; x_wconf 88' lang='lat' dir='ltr'>in</span> <span class='ocrx_word' id='word_1_130' title='bbox 695 989 800 1017; x_wconf 78' lang='lat' dir='ltr'>textu</span> <span class='ocrx_word' id='word_1_131' title='bbox 818 994 895 1015; x_wconf 90' lang='lat' dir='ltr'>non</span> <span class='ocrx_word' id='word_1_132' title='bbox 914 987 998 1016; x_wconf 86' lang='lat' dir='ltr'>sunt</span> <span class='ocrx_word' id='word_1_133' title='bbox 1016 980 1130 1015; x_wconf 85' lang='lat' dir='ltr'>verba</span> <span class='ocrx_word' id='word_1_134' title='bbox 1150 979 1186 1013; x_wconf 82' lang='lat' dir='ltr'>in</span> <span class='ocrx_word' id='word_1_135' title='bbox 1206 985 1315 1014; x_wconf 81' lang='lat' dir='ltr'>contr.</span> <span class='ocrx_word' id='word_1_136' title='bbox 1328 985 1456 1025; x_wconf 81' lang='lat' dir='ltr'>part...</span> <span class='ocrx_word' id='word_1_137' title='bbox 1477 984 1578 1019; x_wconf 83' lang='lat' dir='ltr'>sunt,</span> <span class='ocrx_word' id='word_1_138' title='bbox 1600 976 1665 1011; x_wconf 88' lang='lat' dir='ltr'>sed</span> 
     </span>
     <span class='ocr_line' id='line_1_15' title="bbox 308 1037 1664 1092; baseline -0.005 -14"><span class='ocrx_word' id='word_1_139' title='bbox 308 1043 347 1077; x_wconf 90' lang='lat' dir='ltr'>in</span> <span class='ocrx_word' id='word_1_140' title='bbox 372 1043 536 1092; x_wconf 83' lang='lat' dir='ltr'>margine</span> <span class='ocrx_word' id='word_1_141' title='bbox 565 1043 635 1077; x_wconf 90' lang='lat' dir='ltr'>alia</span> <span class='ocrx_word' id='word_1_142' title='bbox 660 1055 771 1077; x_wconf 89' lang='lat' dir='ltr'>manu</span> <span class='ocrx_word' id='word_1_143' title='bbox 799 1042 954 1088; x_wconf 82' lang='lat' dir='ltr'>scripta,</span> <span class='ocrx_word' id='word_1_144' title='bbox 974 1040 1038 1075; x_wconf 88' lang='lat' dir='ltr'>ubi</span> <span class='ocrx_word' id='word_1_145' title='bbox 1057 1046 1110 1076; x_wconf 86' lang='lat' dir='ltr'>est</span> <span class='ocrx_word' id='word_1_146' title='bbox 1129 1039 1329 1087; x_wconf 74' lang='lat' dir='ltr'>efferenda.</span> <span class='ocrx_word' id='word_1_147' title='bbox 1351 1039 1445 1073; x_wconf 71' lang='lat' dir='ltr'><strong>ERN.</strong></span> <span class='ocrx_word' id='word_1_148' title='bbox 1467 1057 1519 1064; x_wconf 87' lang='lat'>--</span> <span class='ocrx_word' id='word_1_149' title='bbox 1544 1037 1664 1073; x_wconf 90' lang='lat' dir='ltr'>Schu—</span> 
     </span>
     <span class='ocr_line' id='line_1_16' title="bbox 312 1097 1666 1150; baseline -0.004 -13"><span class='ocrx_word' id='word_1_150' title='bbox 312 1103 403 1138; x_wconf 88' lang='lat' dir='ltr'>tzius</span> <span class='ocrx_word' id='word_1_151' title='bbox 437 1103 500 1138; x_wconf 84' lang='lat' dir='ltr'>dat</span> <span class='ocrx_word' id='word_1_152' title='bbox 519 1102 738 1148; x_wconf 72' lang='lat' dir='ltr'>efferenda;</span> <span class='ocrx_word' id='word_1_153' title='bbox 756 1101 1020 1150; x_wconf 87' lang='lat' dir='ltr'>Heusingerius</span> <span class='ocrx_word' id='word_1_154' title='bbox 1049 1100 1220 1136; x_wconf 88' lang='lat' dir='ltr'>emendat</span> <span class='ocrx_word' id='word_1_155' title='bbox 1243 1099 1432 1134; x_wconf 72' lang='lat' dir='ltr'>evertenda</span> <span class='ocrx_word' id='word_1_156' title='bbox 1439 1112 1453 1142; x_wconf 85' lang='lat'><em>;</em></span> <span class='ocrx_word' id='word_1_157' title='bbox 1482 1097 1666 1133; x_wconf 85' lang='lat' dir='ltr'>Strehaeus</span> 
     </span>
     <span class='ocr_line' id='line_1_17' title="bbox 309 1163 1025 1212; baseline 0 -14"><span class='ocrx_word' id='word_1_158' title='bbox 309 1163 437 1212; x_wconf 84' lang='lat' dir='ltr'>legisse</span> <span class='ocrx_word' id='word_1_159' title='bbox 460 1165 609 1200; x_wconf 83' lang='lat' dir='ltr'>videtur</span> <span class='ocrx_word' id='word_1_160' title='bbox 627 1164 843 1211; x_wconf 76' lang='lat' dir='ltr'>auferenda.</span> <span class='ocrx_word' id='word_1_161' title='bbox 865 1164 1025 1198; x_wconf 75' lang='lat' dir='ltr'>Sennrz.</span> 
     </span>
    </p>

    <p class='ocr_par' dir='ltr' id='par_1_3' title="bbox 312 1218 1667 1394">
     <span class='ocr_line' id='line_1_18' title="bbox 364 1218 1666 1272; baseline -0.005 -13"><span class='ocrx_word' id='word_1_162' title='bbox 364 1225 449 1260; x_wconf 51' lang='lat' dir='ltr'>Cap.</span> <span class='ocrx_word' id='word_1_163' title='bbox 470 1225 566 1259; x_wconf 92' lang='lat' dir='ltr'><strong>LIV.</strong></span> <span class='ocrx_word' id='word_1_164' title='bbox 594 1225 782 1270; x_wconf 78' lang='lat' dir='ltr'>Quosdam</span> <span class='ocrx_word' id='word_1_165' title='bbox 799 1236 976 1272; x_wconf 59' lang='lat' dir='ltr'>graecos...</span> <span class='ocrx_word' id='word_1_166' title='bbox 997 1223 1144 1258; x_wconf 78' lang='lat' dir='ltr'>libros...</span> <span class='ocrx_word' id='word_1_167' title='bbox 1169 1224 1213 1257; x_wconf 76' lang='lat' dir='ltr'>de</span> <span class='ocrx_word' id='word_1_168' title='bbox 1233 1221 1407 1257; x_wconf 52' lang='lat' dir='ltr'>ridiculae.</span> <span class='ocrx_word' id='word_1_169' title='bbox 1421 1219 1553 1256; x_wconf 80' lang='lat' dir='ltr'>Tradit</span> <span class='ocrx_word' id='word_1_170' title='bbox 1570 1218 1666 1254; x_wconf 90' lang='lat' dir='ltr'>Dio-</span> 
     </span>
     <span class='ocr_line' id='line_1_19' title="bbox 312 1279 1667 1332; baseline -0.004 -13"><span class='ocrx_word' id='word_1_171' title='bbox 312 1296 420 1331; x_wconf 67' lang='lat' dir='ltr'>genes</span> <span class='ocrx_word' id='word_1_172' title='bbox 440 1284 607 1319; x_wconf 85' lang='lat' dir='ltr'>Laertius</span> <span class='ocrx_word' id='word_1_173' title='bbox 632 1296 652 1319; x_wconf 87' lang='lat' dir='ltr'>a</span> <span class='ocrx_word' id='word_1_174' title='bbox 682 1285 938 1332; x_wconf 86' lang='lat' dir='ltr'>Theophrasto</span> <span class='ocrx_word' id='word_1_175' title='bbox 961 1284 1139 1331; x_wconf 84' lang='lat' dir='ltr'>seriptum</span> <span class='ocrx_word' id='word_1_176' title='bbox 1166 1283 1275 1318; x_wconf 84' lang='lat' dir='ltr'>fuisse</span> <span class='ocrx_word' id='word_1_177' title='bbox 1307 1281 1445 1317; x_wconf 81' lang='lat' dir='ltr'>librum</span> <span class='ocrx_word' id='word_1_178' title='bbox 1469 1279 1667 1329; x_wconf 84' lang='lat' dir='ltr'>quemdam</span> 
     </span>
     <span class='ocr_line' id='line_1_20' title="bbox 312 1347 647 1394; baseline 0.003 -12"><span class='ocrx_word' id='word_1_179' title='bbox 312 1350 382 1394; x_wconf 73' lang='grc' dir='ltr'>περὶ</span> <span class='ocrx_word' id='word_1_180' title='bbox 402 1352 532 1394; x_wconf 63' lang='grc' dir='ltr'>γελςίου.</span> <span class='ocrx_word' id='word_1_181' title='bbox 551 1347 647 1380; x_wconf 76' lang='lat' dir='ltr'><strong>LEM.</strong></span> 
     </span>
    </p>

    <p class='ocr_par' dir='ltr' id='par_1_4' title="bbox 316 1400 1669 1629">
     <span class='ocr_line' id='line_1_21' title="bbox 367 1400 1669 1450; baseline -0.003 -11"><span class='ocrx_word' id='word_1_182' title='bbox 367 1406 591 1439; x_wconf 75' lang='lat' dir='ltr'>Nonnullam</span> <span class='ocrx_word' id='word_1_183' title='bbox 610 1406 646 1438; x_wconf 78' lang='lat' dir='ltr'>in</span> <span class='ocrx_word' id='word_1_184' title='bbox 663 1417 766 1450; x_wconf 76' lang='lat' dir='ltr'>spem</span> <span class='ocrx_word' id='word_1_185' title='bbox 786 1417 967 1439; x_wconf 79' lang='lat' dir='ltr'>veneram.</span> <span class='ocrx_word' id='word_1_186' title='bbox 988 1404 1187 1450; x_wconf 86' lang='lat' dir='ltr'>Quomodo</span> <span class='ocrx_word' id='word_1_187' title='bbox 1207 1404 1331 1450; x_wconf 88' lang='lat' dir='ltr'>potuit</span> <span class='ocrx_word' id='word_1_188' title='bbox 1350 1414 1496 1450; x_wconf 88' lang='lat' dir='ltr'>sperare</span> <span class='ocrx_word' id='word_1_189' title='bbox 1510 1400 1669 1448; x_wconf 84' lang='lat' dir='ltr'>aliquid,</span> 
     </span>
     <span class='ocr_line' id='line_1_22' title="bbox 316 1461 1668 1512; baseline -0.002 -13"><span class='ocrx_word' id='word_1_190' title='bbox 316 1465 380 1512; x_wconf 81' lang='lat' dir='ltr'>qui</span> <span class='ocrx_word' id='word_1_191' title='bbox 400 1466 469 1509; x_wconf 84' lang='lat' dir='ltr'>ita,</span> <span class='ocrx_word' id='word_1_192' title='bbox 494 1472 535 1499; x_wconf 89' lang='lat' dir='ltr'>ut</span> <span class='ocrx_word' id='word_1_193' title='bbox 555 1464 666 1508; x_wconf 82' lang='lat' dir='ltr'>dixit,</span> <span class='ocrx_word' id='word_1_194' title='bbox 687 1465 732 1499; x_wconf 89' lang='lat' dir='ltr'>de</span> <span class='ocrx_word' id='word_1_195' title='bbox 753 1476 794 1499; x_wconf 88' lang='lat' dir='ltr'>ea</span> <span class='ocrx_word' id='word_1_196' title='bbox 812 1477 852 1499; x_wconf 87' lang='lat' dir='ltr'>re</span> <span class='ocrx_word' id='word_1_197' title='bbox 869 1465 1081 1510; x_wconf 83' lang='lat' dir='ltr'>judicaret?</span> <span class='ocrx_word' id='word_1_198' title='bbox 1101 1465 1222 1499; x_wconf 87' lang='lat' dir='ltr'>Credo</span> <span class='ocrx_word' id='word_1_199' title='bbox 1249 1465 1465 1499; x_wconf 87' lang='lat' dir='ltr'>Ciceronem</span> <span class='ocrx_word' id='word_1_200' title='bbox 1484 1461 1668 1509; x_wconf 87' lang='lat' dir='ltr'>scripsisse</span> 
     </span>
     <span class='ocr_line' id='line_1_23' title="bbox 316 1525 1668 1570; baseline -0.001 -11"><span class='ocrx_word' id='word_1_201' title='bbox 316 1538 387 1559; x_wconf 81' lang='lat' dir='ltr'>non</span> <span class='ocrx_word' id='word_1_202' title='bbox 407 1527 519 1559; x_wconf 77' lang='lat' dir='ltr'>ullam</span> <span class='ocrx_word' id='word_1_203' title='bbox 534 1538 547 1566; x_wconf 92' lang='grc'>,·</span> <span class='ocrx_word' id='word_1_204' title='bbox 567 1537 647 1570; x_wconf 83' lang='lat' dir='ltr'>quae</span> <span class='ocrx_word' id='word_1_205' title='bbox 666 1525 783 1559; x_wconf 90' lang='lat' dir='ltr'>forma</span> <span class='ocrx_word' id='word_1_206' title='bbox 796 1532 832 1559; x_wconf 88' lang='lat' dir='ltr'>et</span> <span class='ocrx_word' id='word_1_207' title='bbox 844 1525 922 1559; x_wconf 91' lang='lat' dir='ltr'>aliis</span> <span class='ocrx_word' id='word_1_208' title='bbox 941 1525 1033 1560; x_wconf 88' lang='lat' dir='ltr'>locis</span> <span class='ocrx_word' id='word_1_209' title='bbox 1051 1525 1088 1559; x_wconf 90' lang='lat' dir='ltr'>in</span> <span class='ocrx_word' id='word_1_210' title='bbox 1107 1527 1250 1560; x_wconf 77' lang='lat' dir='ltr'>nullam</span> <span class='ocrx_word' id='word_1_211' title='bbox 1272 1531 1335 1560; x_wconf 86' lang='lat' dir='ltr'>aut</span> <span class='ocrx_word' id='word_1_212' title='bbox 1353 1525 1568 1560; x_wconf 88' lang='lat' dir='ltr'>nonnullam</span> <span class='ocrx_word' id='word_1_213' title='bbox 1586 1536 1668 1558; x_wconf 89' lang='lat' dir='ltr'>mu-</span> 
     </span>
     <span class='ocr_line' id='line_1_24' title="bbox 316 1584 1376 1629; baseline 0 -11"><span class='ocrx_word' id='word_1_214' title='bbox 316 1592 390 1619; x_wconf 87' lang='lat' dir='ltr'>tata</span> <span class='ocrx_word' id='word_1_215' title='bbox 415 1591 487 1629; x_wconf 86' lang='lat' dir='ltr'>est,</span> <span class='ocrx_word' id='word_1_216' title='bbox 508 1591 548 1618; x_wconf 91' lang='lat' dir='ltr'>ut</span> <span class='ocrx_word' id='word_1_217' title='bbox 569 1584 711 1618; x_wconf 88' lang='lat' dir='ltr'>dudum</span> <span class='ocrx_word' id='word_1_218' title='bbox 730 1584 964 1619; x_wconf 84' lang='lat' dir='ltr'>observatum</span> <span class='ocrx_word' id='word_1_219' title='bbox 986 1597 1005 1619; x_wconf 89' lang='lat' dir='ltr'>a</span> <span class='ocrx_word' id='word_1_220' title='bbox 1025 1585 1143 1619; x_wconf 88' lang='lat' dir='ltr'>doctis</span> <span class='ocrx_word' id='word_1_221' title='bbox 1163 1585 1261 1619; x_wconf 77' lang='lat' dir='ltr'>viris.</span> <span class='ocrx_word' id='word_1_222' title='bbox 1281 1587 1376 1619; x_wconf 62' lang='lat' dir='ltr'><strong>ERN.</strong></span> 
     </span>
    </p>

    <p class='ocr_par' dir='ltr' id='par_1_5' title="bbox 316 1644 1671 1996">
     <span class='ocr_line' id='line_1_25' title="bbox 372 1644 1669 1692; baseline -0.001 -13"><span class='ocrx_word' id='word_1_223' title='bbox 372 1646 492 1691; x_wconf 80' lang='lat' dir='ltr'>Quum</span> <span class='ocrx_word' id='word_1_224' title='bbox 511 1657 534 1679; x_wconf 86' lang='lat' dir='ltr'>a</span> <span class='ocrx_word' id='word_1_225' title='bbox 553 1644 731 1691; x_wconf 74' lang='lat' dir='ltr'>Philippo</span> <span class='ocrx_word' id='word_1_226' title='bbox 762 1645 1025 1692; x_wconf 71' lang='lat' dir='ltr'>interrogatus,</span> <span class='ocrx_word' id='word_1_227' title='bbox 1052 1646 1142 1692; x_wconf 79' lang='lat' dir='ltr'>quid</span> <span class='ocrx_word' id='word_1_228' title='bbox 1168 1646 1334 1680; x_wconf 76' lang='lat' dir='ltr'>latraret.</span> <span class='ocrx_word' id='word_1_229' title='bbox 1363 1645 1669 1691; x_wconf 86' lang='lat' dir='ltr'>Depeculatorem</span> 
     </span>
     <span class='ocr_line' id='line_1_26' title="bbox 316 1705 1670 1753; baseline -0.002 -11"><span class='ocrx_word' id='word_1_230' title='bbox 316 1705 527 1753; x_wconf 82' lang='lat' dir='ltr'>Philippum</span> <span class='ocrx_word' id='word_1_231' title='bbox 551 1705 660 1740; x_wconf 87' lang='lat' dir='ltr'>fuisse</span> <span class='ocrx_word' id='word_1_232' title='bbox 681 1706 843 1740; x_wconf 81' lang='lat' dir='ltr'>Catullus</span> <span class='ocrx_word' id='word_1_233' title='bbox 861 1706 1023 1750; x_wconf 87' lang='lat' dir='ltr'>notavit,</span> <span class='ocrx_word' id='word_1_234' title='bbox 1044 1712 1078 1740; x_wconf 87' lang='lat' dir='ltr'>et</span> <span class='ocrx_word' id='word_1_235' title='bbox 1100 1706 1217 1740; x_wconf 85' lang='lat' dir='ltr'>aerarii</span> <span class='ocrx_word' id='word_1_236' title='bbox 1240 1705 1357 1740; x_wconf 88' lang='lat' dir='ltr'>furem</span> <span class='ocrx_word' id='word_1_237' title='bbox 1379 1717 1386 1739; x_wconf 76' lang='grc' dir='ltr'>ε</span> <span class='ocrx_word' id='word_1_238' title='bbox 1410 1706 1527 1739; x_wconf 89' lang='lat' dir='ltr'>solent</span> <span class='ocrx_word' id='word_1_239' title='bbox 1549 1710 1670 1739; x_wconf 85' lang='lat' dir='ltr'>autem</span> 
     </span>
     <span class='ocr_line' id='line_1_27' title="bbox 318 1765 1671 1813; baseline -0.002 -11"><span class='ocrx_word' id='word_1_240' title='bbox 318 1779 423 1802; x_wconf 89' lang='lat' dir='ltr'>canes</span> <span class='ocrx_word' id='word_1_241' title='bbox 441 1773 556 1802; x_wconf 89' lang='lat' dir='ltr'>noctu</span> <span class='ocrx_word' id='word_1_242' title='bbox 581 1767 678 1801; x_wconf 87' lang='lat' dir='ltr'>fures</span> <span class='ocrx_word' id='word_1_243' title='bbox 696 1767 872 1801; x_wconf 86' lang='lat' dir='ltr'>allatrare.</span> <span class='ocrx_word' id='word_1_244' title='bbox 896 1766 954 1801; x_wconf 87' lang='lat' dir='ltr'>Sic</span> <span class='ocrx_word' id='word_1_245' title='bbox 981 1767 1071 1801; x_wconf 88' lang='lat' dir='ltr'>Cato</span> <span class='ocrx_word' id='word_1_246' title='bbox 1099 1766 1333 1813; x_wconf 83' lang='lat' dir='ltr'>privatorum</span> <span class='ocrx_word' id='word_1_247' title='bbox 1362 1765 1547 1801; x_wconf 85' lang='lat' dir='ltr'>furtorum</span> <span class='ocrx_word' id='word_1_248' title='bbox 1571 1765 1671 1799; x_wconf 87' lang='lat' dir='ltr'>fures</span> 
     </span>
     <span class='ocr_line' id='line_1_28' title="bbox 319 1825 1667 1875; baseline -0.002 -12"><span class='ocrx_word' id='word_1_249' title='bbox 319 1827 411 1863; x_wconf 83' lang='lat' dir='ltr'>dixit</span> <span class='ocrx_word' id='word_1_250' title='bbox 430 1828 468 1863; x_wconf 89' lang='lat' dir='ltr'>in</span> <span class='ocrx_word' id='word_1_251' title='bbox 488 1840 593 1863; x_wconf 74' lang='lat' dir='ltr'>nervo</span> <span class='ocrx_word' id='word_1_252' title='bbox 620 1833 760 1862; x_wconf 86' lang='lat' dir='ltr'>aetatem</span> <span class='ocrx_word' id='word_1_253' title='bbox 780 1839 886 1875; x_wconf 82' lang='lat' dir='ltr'>agere</span> <span class='ocrx_word' id='word_1_254' title='bbox 907 1840 914 1861; x_wconf 89' lang='lat'>:</span> <span class='ocrx_word' id='word_1_255' title='bbox 938 1827 1035 1862; x_wconf 86' lang='lat' dir='ltr'>fures</span> <span class='ocrx_word' id='word_1_256' title='bbox 1058 1827 1246 1874; x_wconf 89' lang='lat' dir='ltr'>publicos,</span> <span class='ocrx_word' id='word_1_257' title='bbox 1266 1826 1305 1861; x_wconf 91' lang='lat' dir='ltr'>id</span> <span class='ocrx_word' id='word_1_258' title='bbox 1325 1833 1397 1870; x_wconf 90' lang='lat' dir='ltr'>est,</span> <span class='ocrx_word' id='word_1_259' title='bbox 1425 1825 1667 1872; x_wconf 85' lang='lat' dir='ltr'>depeculato-</span> 
     </span>
     <span class='ocr_line' id='line_1_29' title="bbox 318 1886 1670 1935; baseline -0.002 -12"><span class='ocrx_word' id='word_1_260' title='bbox 318 1901 375 1923; x_wconf 86' lang='lat' dir='ltr'>res</span> <span class='ocrx_word' id='word_1_261' title='bbox 394 1889 430 1923; x_wconf 83' lang='lat' dir='ltr'>in</span> <span class='ocrx_word' id='word_1_262' title='bbox 451 1900 542 1923; x_wconf 81' lang='lat' dir='ltr'>auro</span> <span class='ocrx_word' id='word_1_263' title='bbox 561 1895 596 1922; x_wconf 83' lang='lat' dir='ltr'>et</span> <span class='ocrx_word' id='word_1_264' title='bbox 604 1899 787 1935; x_wconf 78' lang='lat' dir='ltr'>purpura.</span> <span class='ocrx_word' id='word_1_265' title='bbox 817 1888 907 1923; x_wconf 85' lang='lat' dir='ltr'>Cato</span> <span class='ocrx_word' id='word_1_266' title='bbox 927 1887 1035 1922; x_wconf 85' lang='lat' dir='ltr'>etiam</span> <span class='ocrx_word' id='word_1_267' title='bbox 1056 1887 1237 1924; x_wconf 88' lang='lat' dir='ltr'>Uticensis</span> <span class='ocrx_word' id='word_1_268' title='bbox 1258 1887 1358 1934; x_wconf 87' lang='lat' dir='ltr'>apud</span> <span class='ocrx_word' id='word_1_269' title='bbox 1377 1886 1590 1922; x_wconf 86' lang='lat' dir='ltr'>Sallustium</span> <span class='ocrx_word' id='word_1_270' title='bbox 1607 1886 1670 1920; x_wconf 86' lang='lat' dir='ltr'>fu-</span> 
     </span>
     <span class='ocr_line' id='line_1_30' title="bbox 318 1949 708 1996; baseline -0.005 -12"><span class='ocrx_word' id='word_1_271' title='bbox 318 1961 375 1984; x_wconf 84' lang='lat' dir='ltr'>res</span> <span class='ocrx_word' id='word_1_272' title='bbox 395 1949 564 1996; x_wconf 87' lang='lat' dir='ltr'>appellat.</span> <span class='ocrx_word' id='word_1_273' title='bbox 585 1949 708 1983; x_wconf 82' lang='lat' dir='ltr'><strong>TURN.</strong></span> 
     </span>
    </p>

    <p class='ocr_par' dir='ltr' id='par_1_6' title="bbox 319 2007 1673 2604">
     <span class='ocr_line' id='line_1_31' title="bbox 373 2007 1670 2055; baseline -0.002 -11"><span class='ocrx_word' id='word_1_274' title='bbox 373 2010 494 2055; x_wconf 81' lang='lat' dir='ltr'>Quam</span> <span class='ocrx_word' id='word_1_275' title='bbox 514 2009 609 2043; x_wconf 80' lang='lat' dir='ltr'>bona</span> <span class='ocrx_word' id='word_1_276' title='bbox 627 2009 727 2043; x_wconf 81' lang='lat' dir='ltr'>dicta</span> <span class='ocrx_word' id='word_1_277' title='bbox 747 2016 879 2044; x_wconf 79' lang='lat' dir='ltr'>teneat.</span> <span class='ocrx_word' id='word_1_278' title='bbox 904 2010 1040 2044; x_wconf 88' lang='lat' dir='ltr'>Versus</span> <span class='ocrx_word' id='word_1_279' title='bbox 1071 2015 1123 2044; x_wconf 88' lang='lat' dir='ltr'>est</span> <span class='ocrx_word' id='word_1_280' title='bbox 1148 2008 1355 2044; x_wconf 86' lang='lat' dir='ltr'>trochaicus</span> <span class='ocrx_word' id='word_1_281' title='bbox 1376 2008 1518 2055; x_wconf 87' lang='lat' dir='ltr'>integer</span> <span class='ocrx_word' id='word_1_282' title='bbox 1543 2014 1579 2042; x_wconf 91' lang='lat' dir='ltr'>et</span> <span class='ocrx_word' id='word_1_283' title='bbox 1601 2007 1670 2042; x_wconf 86' lang='lat' dir='ltr'>he-</span> 
     </span>
     <span class='ocr_line' id='line_1_32' title="bbox 320 2068 1673 2118; baseline -0.001 -14"><span class='ocrx_word' id='word_1_284' title='bbox 320 2070 553 2105; x_wconf 86' lang='lat' dir='ltr'>mistichium.</span> <span class='ocrx_word' id='word_1_285' title='bbox 575 2071 706 2117; x_wconf 87' lang='lat' dir='ltr'>Itaque</span> <span class='ocrx_word' id='word_1_286' title='bbox 723 2069 795 2118; x_wconf 87' lang='lat' dir='ltr'>legi</span> <span class='ocrx_word' id='word_1_287' title='bbox 814 2070 923 2104; x_wconf 89' lang='lat' dir='ltr'>debet</span> <span class='ocrx_word' id='word_1_288' title='bbox 936 2077 976 2104; x_wconf 88' lang='lat' dir='ltr'>ut</span> <span class='ocrx_word' id='word_1_289' title='bbox 990 2083 1014 2104; x_wconf 85' lang='lat' dir='ltr'>a</span> <span class='ocrx_word' id='word_1_290' title='bbox 1027 2071 1205 2117; x_wconf 70' lang='lat' dir='ltr'>sapienti,</span> <span class='ocrx_word' id='word_1_291' title='bbox 1217 2082 1342 2106; x_wconf 79' lang='lat' dir='ltr'>versus</span> <span class='ocrx_word' id='word_1_292' title='bbox 1356 2076 1510 2104; x_wconf 87' lang='lat' dir='ltr'>constet.</span> <span class='ocrx_word' id='word_1_293' title='bbox 1531 2068 1673 2104; x_wconf 88' lang='lat' dir='ltr'>Citatur</span> 
     </span>
     <span class='ocr_line' id='line_1_33' title="bbox 319 2128 1671 2178; baseline 0 -14"><span class='ocrx_word' id='word_1_294' title='bbox 319 2131 394 2164; x_wconf 78' lang='lat' dir='ltr'>haec</span> <span class='ocrx_word' id='word_1_295' title='bbox 414 2130 522 2164; x_wconf 88' lang='lat' dir='ltr'>Ennii</span> <span class='ocrx_word' id='word_1_296' title='bbox 541 2129 719 2165; x_wconf 86' lang='lat' dir='ltr'>sententia</span> <span class='ocrx_word' id='word_1_297' title='bbox 738 2141 759 2164; x_wconf 88' lang='lat' dir='ltr'>a</span> <span class='ocrx_word' id='word_1_298' title='bbox 782 2130 998 2177; x_wconf 82' lang='lat' dir='ltr'>Symmacho</span> <span class='ocrx_word' id='word_1_299' title='bbox 1018 2130 1057 2164; x_wconf 87' lang='lat' dir='ltr'>in</span> <span class='ocrx_word' id='word_1_300' title='bbox 1074 2130 1271 2178; x_wconf 82' lang='lat' dir='ltr'>Epistolis,·</span> <span class='ocrx_word' id='word_1_301' title='bbox 1295 2142 1378 2164; x_wconf 86' lang='lat' dir='ltr'>nam</span> <span class='ocrx_word' id='word_1_302' title='bbox 1392 2129 1553 2165; x_wconf 89' lang='lat' dir='ltr'>Socratis</span> <span class='ocrx_word' id='word_1_303' title='bbox 1571 2128 1671 2164; x_wconf 87' lang='lat' dir='ltr'>istud</span> 
     </span>
     <span class='ocr_line' id='line_1_34' title="bbox 320 2191 1671 2242; baseline 0.002 -16"><span class='ocrx_word' id='word_1_304' title='bbox 320 2191 475 2226; x_wconf 81' lang='lat' dir='ltr'>verbum</span> <span class='ocrx_word' id='word_1_305' title='bbox 496 2191 684 2226; x_wconf 86' lang='lat' dir='ltr'>refertur:</span> <span class='ocrx_word' id='word_1_306' title='bbox 710 2197 875 2240; x_wconf 70' lang='grc' dir='ltr'>Σωκράτης</span> <span class='ocrx_word' id='word_1_307' title='bbox 900 2198 1018 2242; x_wconf 62' lang='grc' dir='ltr'>ἔλεγεν,</span> <span class='ocrx_word' id='word_1_308' title='bbox 1045 2198 1091 2230; x_wconf 83' lang='grc' dir='ltr'>ὅτι</span> <span class='ocrx_word' id='word_1_309' title='bbox 1123 2199 1192 2242; x_wconf 76' lang='grc' dir='ltr'>ῥᾷον</span> <span class='ocrx_word' id='word_1_310' title='bbox 1216 2197 1254 2229; x_wconf 79' lang='grc' dir='ltr'>ἄν</span> <span class='ocrx_word' id='word_1_311' title='bbox 1285 2210 1330 2234; x_wconf 82' lang='grc' dir='ltr'>τις</span> <span class='ocrx_word' id='word_1_312' title='bbox 1357 2193 1507 2241; x_wconf 62' lang='grc' dir='ltr'>διάπυρον</span> <span class='ocrx_word' id='word_1_313' title='bbox 1530 2196 1671 2241; x_wconf 76' lang='grc' dir='ltr'>ἄνθρακα.</span> 
     </span>
     <span class='ocr_line' id='line_1_35' title="bbox 322 2251 1668 2302; baseline -0.004 -13"><span class='ocrx_word' id='word_1_314' title='bbox 322 2256 373 2289; x_wconf 80' lang='grc' dir='ltr'>ἐπὶ</span> <span class='ocrx_word' id='word_1_315' title='bbox 392 2261 446 2294; x_wconf 68' lang='grc' dir='ltr'>τῆς</span> <span class='ocrx_word' id='word_1_316' title='bbox 469 2257 610 2301; x_wconf 76' lang='grc' dir='ltr'>’γλώττης</span> <span class='ocrx_word' id='word_1_317' title='bbox 629 2257 805 2299; x_wconf 70' lang='grc' dir='ltr'>κατάσχοι,</span> <span class='ocrx_word' id='word_1_318' title='bbox 828 2258 846 2293; x_wconf 76' lang='grc' dir='ltr'>ἢ</span> <span class='ocrx_word' id='word_1_319' title='bbox 870 2258 958 2302; x_wconf 70' lang='grc' dir='ltr'>λόγον</span> <span class='ocrx_word' id='word_1_320' title='bbox 987 2258 1184 2302; x_wconf 70' lang='grc' dir='ltr'><strong>ἀπόῤῥητον;</strong></span> <span class='ocrx_word' id='word_1_321' title='bbox 1208 2251 1248 2286; x_wconf 71' lang='lat' dir='ltr'>id</span> <span class='ocrx_word' id='word_1_322' title='bbox 1272 2258 1347 2296; x_wconf 84' lang='lat' dir='ltr'>est,</span> <span class='ocrx_word' id='word_1_323' title='bbox 1370 2252 1538 2287; x_wconf 84' lang='lat' dir='ltr'>Socrates</span> <span class='ocrx_word' id='word_1_324' title='bbox 1563 2251 1668 2285; x_wconf 81' lang='lat' dir='ltr'>dice-</span> 
     </span>
     <span class='ocr_line' id='line_1_36' title="bbox 320 2311 1669 2360; baseline 0 -14"><span class='ocrx_word' id='word_1_325' title='bbox 320 2311 405 2357; x_wconf 87' lang='lat' dir='ltr'>bat,</span> <span class='ocrx_word' id='word_1_326' title='bbox 434 2312 574 2346; x_wconf 89' lang='lat' dir='ltr'>facilius</span> <span class='ocrx_word' id='word_1_327' title='bbox 597 2312 765 2346; x_wconf 87' lang='lat' dir='ltr'>homines</span> <span class='ocrx_word' id='word_1_328' title='bbox 796 2311 984 2347; x_wconf 84' lang='lat' dir='ltr'>ardentem</span> <span class='ocrx_word' id='word_1_329' title='bbox 1008 2313 1204 2347; x_wconf 88' lang='lat' dir='ltr'>carbonem</span> <span class='ocrx_word' id='word_1_330' title='bbox 1223 2312 1260 2346; x_wconf 94' lang='lat' dir='ltr'>in</span> <span class='ocrx_word' id='word_1_331' title='bbox 1288 2312 1411 2360; x_wconf 83' lang='lat' dir='ltr'>lingua</span> <span class='ocrx_word' id='word_1_332' title='bbox 1436 2318 1669 2356; x_wconf 85' lang='lat' dir='ltr'>retenturos,</span> 
     </span>
     <span class='ocr_line' id='line_1_37' title="bbox 322 2371 1671 2419; baseline 0 -13"><span class='ocrx_word' id='word_1_333' title='bbox 322 2384 431 2418; x_wconf 86' lang='lat' dir='ltr'>quam</span> <span class='ocrx_word' id='word_1_334' title='bbox 456 2371 560 2419; x_wconf 92' lang='lat' dir='ltr'>quod</span> <span class='ocrx_word' id='word_1_335' title='bbox 587 2383 719 2407; x_wconf 86' lang='lat' dir='ltr'>arcano</span> <span class='ocrx_word' id='word_1_336' title='bbox 746 2372 976 2408; x_wconf 86' lang='lat' dir='ltr'>commissum</span> <span class='ocrx_word' id='word_1_337' title='bbox 995 2373 1050 2408; x_wconf 90' lang='lat' dir='ltr'>sit.</span> <span class='ocrx_word' id='word_1_338' title='bbox 1072 2374 1122 2408; x_wconf 91' lang='lat' dir='ltr'>Os</span> <span class='ocrx_word' id='word_1_339' title='bbox 1141 2380 1282 2418; x_wconf 82' lang='lat' dir='ltr'>autem,</span> <span class='ocrx_word' id='word_1_340' title='bbox 1302 2373 1331 2407; x_wconf 90' lang='lat' dir='ltr'>si</span> <span class='ocrx_word' id='word_1_341' title='bbox 1357 2372 1503 2417; x_wconf 87' lang='lat' dir='ltr'>ardeat,</span> <span class='ocrx_word' id='word_1_342' title='bbox 1531 2371 1571 2406; x_wconf 90' lang='lat' dir='ltr'>id</span> <span class='ocrx_word' id='word_1_343' title='bbox 1598 2378 1671 2416; x_wconf 89' lang='lat' dir='ltr'>est,</span> 
     </span>
     <span class='ocr_line' id='line_1_38' title="bbox 320 2430 1672 2480; baseline 0.001 -14"><span class='ocrx_word' id='word_1_344' title='bbox 320 2432 358 2466; x_wconf 89' lang='lat' dir='ltr'>in</span> <span class='ocrx_word' id='word_1_345' title='bbox 381 2444 446 2467; x_wconf 86' lang='lat' dir='ltr'>ore</span> <span class='ocrx_word' id='word_1_346' title='bbox 480 2433 524 2467; x_wconf 88' lang='lat' dir='ltr'>sit</span> <span class='ocrx_word' id='word_1_347' title='bbox 548 2430 714 2477; x_wconf 86' lang='lat' dir='ltr'>flamma,</span> <span class='ocrx_word' id='word_1_348' title='bbox 736 2433 799 2480; x_wconf 91' lang='lat' dir='ltr'>qui</span> <span class='ocrx_word' id='word_1_349' title='bbox 818 2434 911 2468; x_wconf 87' lang='lat' dir='ltr'>nolit</span> <span class='ocrx_word' id='word_1_350' title='bbox 940 2434 997 2469; x_wconf 89' lang='lat' dir='ltr'>uri</span> <span class='ocrx_word' id='word_1_351' title='bbox 1020 2440 1055 2468; x_wconf 87' lang='lat' dir='ltr'>et</span> <span class='ocrx_word' id='word_1_352' title='bbox 1078 2434 1182 2478; x_wconf 79' lang='lat' dir='ltr'>laedi,</span> <span class='ocrx_word' id='word_1_353' title='bbox 1212 2446 1251 2469; x_wconf 93' lang='lat' dir='ltr'>os</span> <span class='ocrx_word' id='word_1_354' title='bbox 1283 2446 1359 2468; x_wconf 91' lang='lat' dir='ltr'>non</span> <span class='ocrx_word' id='word_1_355' title='bbox 1384 2433 1576 2476; x_wconf 90' lang='lat' dir='ltr'>occludat,</span> <span class='ocrx_word' id='word_1_356' title='bbox 1607 2433 1672 2467; x_wconf 90' lang='lat' dir='ltr'>sed</span> 
     </span>
     <span class='ocr_line' id='line_1_39' title="bbox 322 2492 1672 2541; baseline 0 -15"><span class='ocrx_word' id='word_1_357' title='bbox 322 2504 431 2538; x_wconf 87' lang='lat' dir='ltr'>quam</span> <span class='ocrx_word' id='word_1_358' title='bbox 453 2492 608 2528; x_wconf 81' lang='lat' dir='ltr'>maxime</span> <span class='ocrx_word' id='word_1_359' title='bbox 628 2493 750 2527; x_wconf 85' lang='lat' dir='ltr'>hiante</span> <span class='ocrx_word' id='word_1_360' title='bbox 778 2493 958 2529; x_wconf 86' lang='lat' dir='ltr'>flammam</span> <span class='ocrx_word' id='word_1_361' title='bbox 984 2502 1145 2541; x_wconf 82' lang='lat' dir='ltr'>exspuat.</span> <span class='ocrx_word' id='word_1_362' title='bbox 1171 2494 1310 2530; x_wconf 91' lang='lat' dir='ltr'>Ennius</span> <span class='ocrx_word' id='word_1_363' title='bbox 1338 2501 1458 2529; x_wconf 83' lang='lat' dir='ltr'>autem</span> <span class='ocrx_word' id='word_1_364' title='bbox 1484 2494 1584 2528; x_wconf 90' lang='lat' dir='ltr'>bona</span> <span class='ocrx_word' id='word_1_365' title='bbox 1613 2492 1672 2527; x_wconf 91' lang='lat' dir='ltr'>di-</span> 
     </span>
     <span class='ocr_line' id='line_1_40' title="bbox 323 2554 1669 2604; baseline 0.001 -18"><span class='ocrx_word' id='word_1_366' title='bbox 323 2559 396 2598; x_wconf 85' lang='lat' dir='ltr'>cta,</span> <span class='ocrx_word' id='word_1_367' title='bbox 415 2554 530 2589; x_wconf 87' lang='lat' dir='ltr'>bonas</span> <span class='ocrx_word' id='word_1_368' title='bbox 549 2554 744 2589; x_wconf 87' lang='lat' dir='ltr'>sententias</span> <span class='ocrx_word' id='word_1_369' title='bbox 763 2554 1012 2599; x_wconf 82' lang='lat' dir='ltr'>intellexerat,</span> <span class='ocrx_word' id='word_1_370' title='bbox 1032 2568 1124 2602; x_wconf 84' lang='lat' dir='ltr'>quas</span> <span class='ocrx_word' id='word_1_371' title='bbox 1143 2556 1286 2604; x_wconf 87' lang='lat' dir='ltr'>sapiens</span> <span class='ocrx_word' id='word_1_372' title='bbox 1306 2563 1430 2591; x_wconf 86' lang='lat' dir='ltr'>tenere</span> <span class='ocrx_word' id='word_1_373' title='bbox 1445 2567 1482 2590; x_wconf 86' lang='lat' dir='ltr'>se</span> <span class='ocrx_word' id='word_1_374' title='bbox 1500 2567 1576 2590; x_wconf 92' lang='lat' dir='ltr'>non</span> <span class='ocrx_word' id='word_1_375' title='bbox 1595 2565 1669 2601; x_wconf 93' lang='lat' dir='ltr'>po—</span> 
     </span>
    </p>
   </div>
  </div>
 </body>
</html>
