1843 3166
721 229 863 264 LIBER
895 231 920 263 1.
1445 235 1481 267 ’ἐι

205 311 314 354 'sum
354 313 481 355 Cotta
509 329 516 354 :
558 313 776 368 Quoniam
808 312 870 366 id,
898 313 1013 372 quod
1042 313 1342 357 difficillimum
1371 317 1491 359 nobis

148 390 388 447 videbatur,
413 401 457 435 ut
489 392 666 435 omnino
695 391 746 434 de
780 392 844 434 his
874 393 1024 448 rebus,
1049 394 1220 448 Crasse,
1246 392 1490 451 loqucrere,

148 471 323 513 assecuti
350 487 499 514 sumus
527 487 535 513 ε
561 471 613 514 de
646 470 813 531 reliquo
835 473 923 531 jam
958 481 1104 515 nostra
1130 471 1256 531 culpa
1282 472 1429 527 suerit,
1459 476 1491 516 si

147 559 206 604 te,
235 550 315 593 nisi
338 551 499 605 onmia,
524 566 618 610 quae
636 551 877 610 percontati
900 552 1078 603 erimus,
1103 550 1347 611 explicaris,
1372 551 1494 593 ‹limi-

145 630 338 672 serimus.
374 631 440 672 De
476 629 561 684 his,
598 629 748 682 credo,
782 630 931 685 rebus,
968 630 1109 689 inquit
1142 632 1340 684 Crassus,
1370 640 1415 673 ut
1453 632 1493 672 in

144 708 407 751 cretionibus
429 709 557 751 scribi
579 708 705 763 solet,
729 709 901 766 Quibus
922 711 1080 763 sciam,
1096 719 1348 771 poteroque.

207 789 318 830 Tum
344 786 413 831 ille
437 805 446 830 ε
470 789 668 847 Namque
693 788 808 848 quod
834 799 880 832 tu
904 805 990 832 non
1012 790 1196 848 poteris,
1217 799 1291 832 aut
1316 791 1496 840 nescies,

145 867 241 926 quis
264 877 462 910 nostrum
491 878 576 911 tam
605 868 833 928 impudens
861 878 944 922 cst,
967 870 1040 928 qui
1069 886 1112 912 se
1141 870 1248 912 scire
1274 879 1347 912 aut
1373 886 1495 929 posse

146 945 362 1007 postulet?
395 949 489 991 Jam
525 964 646 1002 vero,
680 948 759 991 ista
794 947 1060 1003 conditione,
1094 948 1195 991 dum
1234 949 1340 992 mihi
1371 948 1495 992 liceat

147 1042 304 1087 negare
340 1043 463 1086 posse
490 1027 608 1087 quod
635 1044 722 1070 non
756 1038 925 1088 potero,
955 1037 996 1070 et
1027 1028 1149 1071 fateri
1183 1029 1346 1071 nescire
1379 1029 1494 1088 quod

148 1107 356 1162 nesciam,
383 1106 503 1161 licet,
529 1109 673 1167 inquit
695 1110 893 1161 Crassus,
921 1117 1064 1151 vestro
1087 1107 1297 1151 arbitratu
1320 1124 1500 1168 percon-

150 1188 313 1231 temini.

210 1269 373 1326 Atque,
405 1268 543 1327 inquit
572 1266 807 1328 Sulpicius,
837 1267 918 1310 hoc
946 1268 1134 1326 primum
1167 1284 1217 1310 ex
1250 1277 1307 1322 te,
1335 1267 1386 1309 de
1415 1284 1501 1326 quo

148 1345 278 1389 modo
297 1347 512 1391 Antonius
537 1346 755 1405 exposuit,
777 1345 881 1404 quid
908 1347 1084 1402 sentias,
1105 1347 1336 1405 quaerimus
1361 1362 1369 1388 :
1393 1347 1501 1389 exis-

149 1425 330 1468 timesne
354 1434 490 1468 artem
520 1423 708 1484 aliquam
742 1441 832 1468 esse
869 1424 1052 1468 dicendi.
1081 1424 1227 1481 Quid?
1254 1425 1359 1468 mihi
1384 1441 1502 1468 nunc

149 1520 244 1561 vos,
268 1505 408 1565 inquit
437 1506 638 1560 Crassus,
669 1513 873 1564 tanquam
904 1503 1031 1548 alicui
1062 1504 1263 1548 Graeculo
1290 1505 1430 1548 otioso
1457 1515 1501 1548 et

149 1582 340 1644 loquaci,
372 1594 415 1628 et
447 1584 626 1628 fortasse
653 1584 804 1640 docto,
831 1594 960 1644 atque
993 1584 1185 1641 erudito,
1212 1586 1505 1645 quaestiuncu-

151 1663 255 1720 lam,
296 1664 349 1708 de
388 1681 473 1724 qua
506 1681 602 1708 meo
633 1665 846 1708 arbitratu
883 1663 1054 1723 loquar,
1093 1663 1278 1723 ponitis?
1316 1664 1503 1720 Quando

151 1744 267 1787 enim
293 1760 362 1787 me
385 1744 465 1787 ista
489 1760 683 1800 curasse,
707 1753 781 1786 aut
808 1744 1016 1804 cogitasse
1040 1744 1333 1800 arbitramini,
1358 1753 1398 1787 et
1420 1760 1506 1786 non

152 1839 321 1883 semper
348 1824 529 1867 irrisisse
558 1824 702 1883 potius
737 1839 885 1866 eorum
914 1822 1142 1867 hominum
1170 1823 1505 1883 impudentiam,

153 1903 227 1962 qui
247 1919 381 1962 quum
406 1904 450 1946 in
473 1902 619 1946 schola
637 1902 915 1959 assedissent,
935 1920 986 1946 ex
1002 1919 1158 1963 magna
1178 1902 1405 1945 hominum
1427 1902 1507 1945 fre·

153 1983 331 2042 quentia
352 1981 493 2026 dicere
513 1983 736 2044 juberent,
762 1984 796 2027 si
824 1984 920 2043 quis
942 1982 1048 2042 quid
1070 1981 1304 2042 quaereret?

217 2062 348 2120 Quod
383 2064 572 2124 primum
613 2063 758 2106 ferunt
785 2063 1051 2106 Leontinum
1088 2062 1236 2105 fecisse
1264 2062 1471 2122 Gorgiam
1497 2079 1506 2105 ι

157 2143 231 2201 qui
257 2159 539 2203 permagnum
567 2142 775 2202 quiddam
799 2142 1016 2202 suscipere
1043 2157 1093 2184 ac
1118 2141 1310 2201 profiteri
1336 2140 1507 2184 videba-

159 2231 247 2277 tur,
269 2239 403 2281 quum
421 2239 464 2266 se
483 2223 538 2266 ad
557 2224 702 2266 omnia
715 2257 726 2279 ,
745 2222 799 2266 de
818 2222 974 2281 quibus
995 2221 1176 2280 quisque
1195 2219 1344 2263 audire
1362 2219 1510 2276 vellet,

158 2317 247 2345 esse
269 2310 467 2361 paratum
490 2302 779 2346 denuntiaret.
805 2304 960 2345 Postea
981 2317 1084 2343 vero
1107 2299 1238 2360 vulgo
1260 2299 1343 2343 hoc
1370 2299 1510 2343 facere

160 2390 404 2440 coeperunt,
441 2381 655 2442 hodieque
695 2381 880 2434 faciunt,
917 2389 966 2423 ut
999 2379 1119 2423 nulla
1156 2380 1212 2422 sit
1246 2395 1330 2435 res,
1371 2395 1511 2440 neque

162 2469 301 2516 tanta,
324 2477 463 2521 neque
481 2470 567 2503 tam
588 2461 839 2521 improvisa,
863 2476 1002 2520 neque
1023 2469 1109 2503 tam
1134 2475 1266 2515 nova,
1291 2458 1343 2501 de
1365 2478 1453 2521 qua
1475 2478 1518 2503 se

161 2555 250 2584 non
270 2541 433 2596 omnia,
452 2556 546 2598 quae
565 2540 650 2583 dici
673 2549 871 2600 possunt,
892 2539 1178 2599 profiteantur
1198 2555 1288 2582 esse
1310 2540 1516 2583 dicturos.

221 2618 353 2676 Quod
381 2620 415 2662 si
438 2629 501 2674 te,
525 2621 679 2673 Cotta,
708 2619 965 2674 arbitrarer,
996 2629 1070 2662 aut
1097 2628 1155 2673 te,
1182 2619 1366 2679 Sulpici,
1394 2618 1446 2663 de
1469 2619 1518 2661 iis
