1843 3166
723 192 861 225 mmm
896 192 938 224 11.
1432 204 1442 224 ι
1461 196 1498 234 37

217 273 391 314 XLVlI.
428 273 575 328 Quare
603 272 733 315 nolito
760 274 1003 315 existimare
1027 289 1096 315 mc
1124 273 1281 331 ipsum,
1311 276 1381 332 qui
1414 291 1498 317 non

153 353 335 392 heroum
365 361 530 393 veteres
559 368 704 407 casm,
730 352 935 411 fictosque
965 352 1102 395 luctus
1135 351 1286 394 vellem
1321 355 1499 409 imitari,

154 439 284 489 atque
305 429 562 473 adumbrare
577 429 780 486 dicendo,
802 447 942 490 neque
959 441 1079 474 actor
1096 447 1229 474 essem
1244 431 1390 475 alienae
1407 450 1500 492 per-

156 525 287 564 sonae,
310 509 383 551 sed
403 518 555 552 auctor
574 526 699 565 meae,
722 527 854 570 quum
876 511 981 554 mihi
1004 509 1077 553 M'.
1098 509 1310 570 Aquillius
1333 513 1375 553 in
1402 513 1502 554 civi·

157 599 243 632 tate
260 588 510 631 retinendus
531 599 664 645 esset,
690 606 784 649 quce
810 592 853 633 in
880 589 954 634 illa
979 607 1108 634 causa
1129 590 1372 651 peroranda
1398 590 1504 634 fece-

154 669 236 710 rim
252 702 262 719 ‚
285 668 377 711 sine
400 685 558 729 magno
580 668 729 712 dolore
757 669 920 713 fecisse.

217 748 362 804 Quem
382 749 496 791 enim
513 765 593 809 ego
614 748 834 792 consulem
858 749 987 793 fuisse
1003 785 1013 804 ,
1038 751 1361 810 imperatorem,
1383 767 1506 794 orna-

156 838 247 871 tum
263 844 285 870 a
308 837 479 884 senatu,
501 838 703 871 ovantem
724 830 767 872 in
788 829 1053 889 Capitolium
1067 829 1336 873 adscendisse
1357 831 1506 872 memi-

156 907 338 962 nissem3
368 906 483 951 hune
504 925 639 967 quum
661 908 887 963 afflictum,
914 908 1207 963 debilitatum,
1231 919 1479 951 moerentem
1498 943 1508 963 ‚

157 987 200 1029 in
216 1003 431 1030 summum
447 987 677 1030 discrimen
692 987 926 1032 adductum
948 988 1138 1031 viderem
1151 1023 1162 1044 ,
1180 1005 1265 1031 non
1283 989 1401 1047 prius
1416 1005 1509 1030 sum

157 1075 336 1108 conatus
367 1066 707 1109 misericordiam
738 1065 829 1110 aliis
857 1082 1156 1122 commovere,
1185 1083 1314 1125 quam
1345 1067 1510 1109 miseri-

158 1144 304 1188 cordia
327 1160 421 1188 sum
443 1147 533 1205 ipse
554 1155 718 1206 captus.
746 1147 868 1190 Sensi
894 1146 1115 1205 equidem,
1137 1156 1229 1189 tum
1248 1162 1511 1205 magnopere

99 1266 101 1268 .
158 1225 319 1268 moveri
342 1224 536 1283 judices,
564 1242 699 1284 quum
728 1226 910 1268 excitavi
940 1235 1139 1268 moestum
1170 1241 1218 1267 ac
1244 1224 1511 1267 sordidatum

159 1320 323 1360 senem,
349 1313 391 1348 et
418 1321 550 1364 quum
577 1306 657 1347 ista
686 1305 785 1360 feci,
810 1321 904 1364 quae
931 1314 1002 1359 tu,
1031 1306 1185 1347 Crasse
1201 1337 1212 1359 ,
1237 1303 1405 1354 laudas,
1430 1320 1514 1345 non

159 1394 273 1438 arte,
300 1384 352 1427 de
377 1401 461 1444 qua
479 1384 584 1443 quid
605 1384 758 1443 loquar
782 1385 947 1439 neseio,
973 1384 1047 1427 sed
1067 1393 1189 1426 motu
1209 1399 1366 1442 magno
1385 1383 1514 1425 animi

159 1478 209 1505 ac
235 1462 403 1520 dolore,
431 1473 480 1508 ut
505 1462 792 1508 discinderem
816 1464 1030 1518 tunicam,
1057 1473 1103 1507 ut
1130 1463 1352 1506 cicatrices
1371 1472 1516 1505 osten·

160 1541 320 1586 derem.

224 1623 374 1679 Quum
396 1625 443 1667 C.
464 1624 630 1666 Marius
649 1638 877 1665 moerorem
903 1622 1110 1665 orationis
1136 1638 1240 1664 meae
1267 1637 1453 1681 praesens
1469 1637 1518 1664 ac

161 1703 312 1746 sedens
342 1702 527 1746 multum
560 1702 756 1762 lacrymis
789 1703 877 1745 suis
902 1701 1154 1762 adjuvaret3
1184 1717 1404 1760 quumque
1437 1717 1518 1760 ego

161 1781 282 1825 illum
302 1783 454 1826 crebro
468 1782 707 1843 appellans,
728 1781 936 1842 collegam
952 1782 989 1824 ei
1003 1797 1128 1824 suum
1143 1780 1491 1823 commendarem
1506 1814 1517 1834 ,

161 1871 289 1921 atque
305 1863 446 1921 ipsum
465 1862 721 1905 advocatum
744 1861 798 1904 ad
817 1877 1090 1904 communem
1106 1861 1418 1919 imperatorum
1435 1858 1519 1901 for-

162 1950 312 1983 tunam
334 1940 647 1983 defendendam
670 1942 917 1984 invocarem
939 1956 948 1982 :
970 1956 1057 1982 non
1079 1939 1159 1982 fuit
1185 1940 1274 1982 haee
1298 1939 1389 1980 sine
1412 1939 1517 1980 meis

163 2019 380 2079 lacrymis,
406 2036 494 2063 non
514 2021 606 2063 sine
629 2019 777 2063 dolore
798 2036 957 2079 magno
976 2020 1215 2072 miseratio,
1237 2018 1518 2075 omniumque

162 2098 343 2142 deorum
358 2133 369 2154 ,
397 2108 439 2142 et
461 2099 686 2142 hominum
703 2134 714 2155 ‚
744 2109 787 2142 et
808 2100 990 2154 civium,
1014 2108 1057 2141 et
1079 2099 1297 2141 sociorum
1318 2095 1518 2156 implora-

163 2179 250 2233 tio;
274 2177 431 2237 quibus
451 2178 651 2221 omnibus
672 2178 833 2234 verbis,
861 2194 956 2237 quae
982 2194 1006 2220 a
1028 2194 1096 2220 me
1114 2187 1206 2219 tum
1230 2186 1331 2219 sunt
1350 2175 1518 2229 habita,

164 2258 198 2301 si
227 2257 350 2300 dolor
370 2257 575 2301 abfuisset
597 2275 737 2314 meus,
761 2275 848 2301 non
875 2256 1005 2299 modo
1032 2273 1118 2300 non
1146 2253 1425 2310 miserabilis,
1446 2252 1519 2296 sed

165 2337 294 2379 etiam
317 2336 537 2380 irridenda
562 2337 714 2381 fuisset
732 2337 871 2380 oratio
895 2351 1004 2379 mea.

227 2416 522 2471 Quamobrem
539 2416 621 2459 hoc
641 2433 717 2460 vos
743 2415 898 2470 doceo,
923 2413 1110 2474 Sulpici,
1134 2415 1273 2456 bonus
1302 2429 1381 2473 ego
1402 2409 1520 2454 vide-

167 2493 267 2537 licet
288 2503 418 2553 atque
454 2494 648 2538 eruditus
676 2495 900 2554 magister,
931 2503 979 2536 ut
1010 2494 1055 2536 in
1084 2493 1267 2536 dicendo
1298 2491 1444 2542 irasci,
1473 2497 1521 2530 ut

167 2571 332 2626 dolere,
360 2582 407 2616 ut
435 2573 537 2616 ssere
561 2575 745 2632 possitis.
771 2574 1032 2632 Quanquam
1052 2582 1093 2615 te
1117 2572 1292 2631 quidem
1316 2567 1418 2628 quid
1439 2567 1520 2610 hoc

1261 2667 1273 2693 1
1286 2667 1326 2692 (⁷).
