1843 3166
794 177 936 211 LIBER
968 180 1012 211 ll.
1517 184 1585 220 135

284 259 483 314 Minime,
511 261 651 319 inquit
675 261 914 313 Antonius3
943 276 991 302 ac
1015 262 1074 303 sic
1094 261 1261 306 decrevi
1285 265 1577 326 philosophari

223 340 388 397 potius,
419 350 463 382 ut
498 339 809 400 Neoptolemus
838 341 954 400 apud
984 343 1176 385 Ennium
1202 359 1210 385 :
1242 364 1261 384 «
1283 346 1456 398 Paucis3
1482 364 1578 390 uam

221 421 398 463 omnino
419 420 533 464 haud
559 420 708 480 placet.
727 441 746 461 υ
773 421 855 464 Sed
879 431 1023 465 tamen
1045 423 1133 465 liaec
1152 432 1215 466 est
1238 440 1330 467 mea
1345 429 1553 471 sententia
1572 462 1581 482 ,

219 516 347 559 quam
369 499 543 542 videbar
569 501 816 560 exposuisse
843 518 850 544 :
879 518 958 561 ego
983 502 1062 545 ista
1081 502 1222 546 studia
1243 520 1330 546 non
1356 504 1575 563 improbo,

219 581 438 625 moderata
466 582 596 625 modo
625 583 734 636 sint;
760 583 1009 642 opinionem
1034 584 1215 627 istorum
1244 584 1510 642 studiorum,
1535 598 1574 630 et

217 662 505 721 suspicionem
531 662 700 705 artificii
728 663 844 722 apud
870 679 961 719 eos,
989 665 1063 723 qui
1090 681 1155 707 res
1176 665 1393 724 Judieent,
1418 670 1576 711 oratori

216 741 505 786 adversariam
541 760 630 787 esse
668 743 858 787 arbitror
888 762 895 787 ε
936 746 1155 788 imminuit
1185 747 1299 789 enim
1327 757 1369 790 et
1398 750 1580 792 oratoris

216 823 542 879 auctoritatem,
568 834 607 867 et
635 825 846 868 orationis
873 824 1015 869 fidem.

277 905 527 948 XXXVIII.
567 906 672 961 Sed,
699 916 743 949 ut
769 922 821 949 eo
843 917 1086 961 revocetur⁷
1113 908 1327 952 undeliue
1348 909 1579 954 declinavit

205 977 373 1039 'oi-atio,
388 1001 437 1027 ex
453 985 589 1028 [ribus
603 986 694 1029 istis
710 985 957 1030 clarissimis
971 987 1264 1047 philosophis,
1280 992 1576 1048 quosRomain

219 1066 379 1108 venisse
406 1065 574 1121 dixisti,
611 1066 786 1109 videsne
815 1068 1059 1127 Diogenem
1098 1068 1249 1124 fuisse,
1283 1072 1354 1129 qui
1393 1070 1578 1125 diceret,

213 1155 348 1189 arteni
371 1163 414 1188 se
436 1145 605 1189 tradere
626 1146 734 1189 bene
763 1147 1020 1199 disserendi,
1046 1159 1087 1191 et
1108 1166 1206 1192 vera
1224 1166 1272 1193 ac
1295 1149 1396 1193 falsa
1413 1151 1573 1209 dijudi-

211 1225 360 1280 candi,
386 1241 515 1285 quam
536 1225 666 1268 verbo
689 1243 828 1286 graeco
851 1223 1113 1283 Σικλεκτικῆν
1136 1229 1401 1288 appellaret?
1427 1233 1475 1272 In
1499 1231 1576 1274 liae

211 1316 324 1360 arte,
353 1307 386 1348 si
413 1305 542 1348 modo
571 1315 635 1348 est
658 1306 747 1349 haee
773 1324 861 1363 urs,
891 1307 1058 1352 nullum
1085 1319 1147 1352 est
1181 1319 1462 1369 praeeeptum,
1488 1326 1574 1369 quo

213 1386 341 1430 modo
365 1403 514 1430 verum
543 1388 805 1442 inveniatur,
833 1388 904 1430 sed
929 1398 1099 1431 tantum
1127 1399 1211 1445 est,
1241 1406 1328 1448 quo
1350 1389 1478 1433 modo
1504 1392 1569 1449 ju-

211 1468 392 1512 dicetur.

274 1550 384 1594 Nam
413 1559 453 1592 et
480 1566 626 1605 omne,
648 1549 765 1609 quod
788 1549 1035 1609 eloquimur
1061 1551 1141 1607 sie,
1169 1561 1213 1594 ut
1237 1552 1276 1593 id
1302 1562 1378 1594 aut
1402 1568 1492 1595 esse
1513 1552 1574 1594 di-

209 1646 378 1685 camus,
401 1638 476 1673 aut
502 1646 589 1673 non
612 1646 723 1685 esse3
746 1639 807 1684 et,
831 1630 864 1672 si
884 1629 1137 1690 simpliciter
1161 1630 1321 1674 dictum
1338 1633 1409 1686 sit,
1437 1634 1572 1676 susci-

210 1712 333 1770 piunt
361 1710 595 1767 dialectici,
627 1720 673 1753 ut
702 1710 920 1769 judicent,
962 1727 1167 1755 verumne
1198 1713 1276 1767 sit,
1306 1729 1359 1755 an
1394 1712 1570 1765 falsunu

208 1801 247 1834 el
261 1826 272 1846 ,
292 1792 325 1834 si
337 1791 568 1851 conjuncte
585 1790 810 1834 sitelatum
825 1825 835 1846 ,
851 1801 893 1834 et
904 1791 1111 1851 adjuncta
1129 1792 1215 1836 sint
1232 1791 1313 1835 alia
1329 1826 1340 1848 ,
1354 1792 1570 1852 judicent,

208 1880 379 1914 rectene
395 1871 599 1932 adjuncta
621 1871 726 1925 sint3
747 1880 788 1914 et
807 1888 962 1915 verane
975 1888 1141 1916 summa
1160 1873 1211 1915 sil
1230 1873 1570 1932 uniuscujusque

208 1951 408 2006 rationis3
435 1960 477 1994 et
498 1950 552 1994 ad
574 1959 816 1994 extremum
844 1952 922 2011 ipsi
951 1968 994 1995 se
1020 1961 1323 2011 compungunt
1355 1952 1442 1994 suis
1467 1968 1568 1995 aeu-

210 2032 418 2087 minihus,
449 2041 491 2075 et
520 2030 656 2075 multa
683 2030 937 2091 quaerendo,
973 2032 1197 2092 reperiunt
1226 2048 1312 2074 non
1341 2031 1470 2075 modo
1498 2048 1567 2085 ea,

206 2128 301 2172 quae
322 2113 413 2172 jam
443 2129 529 2156 non
556 2114 723 2173 possint
754 2114 832 2173 ipsi
865 2110 1122 2167 dissolvere,
1148 2111 1222 2154 sed
1253 2112 1382 2154 etiam
1409 2113 1566 2171 quibus

209 2202 309 2236 ante
333 2209 503 2249 exorsa,
531 2203 573 2237 et
597 2194 740 2254 potius
763 2192 933 2236 detexta
962 2208 1118 2252 prope,
1142 2201 1404 2235 retexuntur.

268 2274 348 2317 Hie
380 2290 457 2317 nos
486 2275 618 2334 igitur
654 2275 813 2318 stoicus
848 2274 924 2317 iste
955 2270 1065 2315 nihil
1101 2273 1300 2332 adjuvat,
1334 2274 1562 2332 quoniam,

205 2353 569 2413 quemadmodum
592 2355 808 2398 inveniam
833 2351 937 2413 quid
959 2352 1120 2408 dicam,
1147 2370 1233 2396 non
1258 2352 1409 2405 doeet3
1435 2363 1563 2411 atque

204 2433 317 2477 idem
349 2435 476 2477 etiam
506 2434 704 2494 impedit,
725 2433 842 2494 quod
871 2444 912 2477 et
943 2432 1078 2476 multa
1108 2433 1286 2493 reperit,
1315 2449 1410 2492 quae
1438 2443 1558 2492 nege!

205 2514 293 2559 ullo
317 2514 445 2558 modo
476 2530 598 2574 posse
625 2514 822 2570 dissolvi,
853 2525 894 2557 et
921 2530 1056 2575 genus
1080 2515 1287 2557 sermonis
1317 2512 1441 2556 affert
1474 2529 1558 2555 non

205 2593 436 2655 liquidum,
465 2612 551 2639 nou
588 2596 731 2639 susum
758 2613 805 2639 ae
835 2595 1074 2655 profluens,
1109 2595 1182 2639 sed
1210 2594 1336 2649 exile,
1366 2593 1560 2646 aridum,
