1843 3166
601 215 990 250 ADNOTATIONES.
1400 228 1467 262 291

123 290 321 336 voluptatis
339 291 375 324 in
397 290 498 334 foro,
517 296 551 324 et
565 291 681 326 causis
699 291 877 326 civilibus.
897 291 939 324 In
956 290 1093 337 Gorgia
1110 300 1198 323 vero
1219 297 1362 324 tantum
1381 292 1473 326 edo—

123 358 179 385 cet
198 353 320 396 Plato,
340 364 412 398 qua
439 351 580 386 ratione
601 351 722 386 futiles
746 352 935 385 rhetorum
966 350 1212 397 sophistarum
1241 352 1390 397 argutiae
1412 364 1473 387 re—

123 411 302 446 fellantur.
322 413 480 455 Tullius,
499 412 573 446 sive
593 424 637 446 ex
655 424 737 455 sua,
761 412 834 446 sive
855 425 898 447 ex
919 412 1036 447 Crassi
1055 412 1232 446 sententia
1245 439 1254 455 ,
1279 424 1354 446 non
1375 421 1472 448 recte

122 473 281 517 censuit,
303 480 465 508 oratores
477 472 515 506 in
535 473 597 506 illo
617 472 766 521 dialogo
789 472 961 508 derideri.
983 473 1069 507 Non
1088 484 1212 506 veram
1234 473 1472 518 rhetoricam,

121 533 185 568 sed
211 533 450 568 adulterinam
470 533 604 577 solum,
633 540 674 567 ut
699 533 813 568 cuivis
836 534 969 581 legenti
997 539 1117 580 patet,
1143 532 1315 566 traducit.
1344 534 1474 579 Neque

122 605 209 628 vero
228 605 365 640 paucos
384 592 530 627 induxit
548 593 586 627 in
612 606 776 628 errorem
797 594 856 628 hic
875 594 1064 641 dialogus,
1092 600 1133 627 ut
1158 593 1328 627 observat
1353 592 1475 637 Quin-

121 654 288 698 tilianus,
308 667 361 698 11,
386 653 428 688 15
454 666 461 687 :
483 655 680 702 «Plerique
695 683 704 700 ‚
730 655 869 702 inquit,
898 655 986 690 dum
1004 666 1122 701 pauca
1144 654 1305 689 Platonis
1324 666 1344 688 a
1368 653 1475 700 prio-

121 714 221 749 ribus
239 714 405 761 imperite
423 722 594 761 excerpta
614 716 734 764 legere
754 716 938 760 contenti,
959 727 1080 762 neque
1101 714 1169 749 alia
1189 715 1268 760 ejus
1287 714 1475 748 volumina

120 775 314 818 evolvunt,
335 776 371 809 in
390 775 587 810 maximum
613 788 774 811 errorem
794 776 1019 819 inciderunt3
1039 774 1272 820 creduntque
1295 786 1378 807 eum
1400 786 1475 808 esse

119 836 156 869 in
182 835 248 870 hac
269 836 464 882 opinione,
492 843 532 870 ut
562 837 780 872 rhetoricam
808 850 885 872 non
910 844 1024 871 artem
1039 863 1048 880 ‚
1067 835 1129 870 sed
1154 834 1322 881 peritiam
1343 846 1475 881 quam-

120 895 203 930 dam
221 896 343 943 gratiae
361 909 402 931 ac
426 897 624 943 voluptatis
649 898 838 932 existimet.
858 915 872 929 »

173 957 258 992 Cn.
278 958 379 991 XIII.
402 958 548 992 Etenim
566 971 677 1005 quum
696 959 752 992 illi
770 959 805 992 in
825 959 990 992 dicendo.
1010 958 1096 991 Vox
1124 956 1184 990 illa
1206 955 1265 990 hic
1290 968 1368 990 non
1387 957 1471 990 vul—

118 1031 242 1065 garem
256 1032 400 1054 sensum
420 1020 546 1064 habet,
567 1028 602 1055 et
619 1021 734 1065 valet,
753 1021 791 1054 ni
812 1020 982 1062 fallimur,
1003 1026 1177 1064 tanquam
1201 1025 1293 1051 esset
1313 1018 1471 1052 atenim.

175 1079 332 1127 Cogebat
350 1081 444 1115 enim
462 1093 520 1116 me
540 1082 596 1116 M.
618 1083 826 1116 Marcellus.
847 1079 1064 1125 Rejicienda
1074 1078 1224 1113 Prustaei
1245 1078 1391 1124 opinio,
1411 1078 1476 1124 qui

118 1140 177 1175 hic
197 1140 256 1188 agi
272 1147 379 1187 putat
402 1141 448 1176 de
469 1142 762 1177 constantissimo
785 1142 848 1176 illo
872 1142 911 1176 C.
935 1142 966 1175 J.
999 1139 1146 1175 Caesaris
1172 1139 1342 1183 inimico,
1366 1139 1473 1174 Cice-

118 1200 219 1235 ronis
244 1201 373 1248 aequali
404 1208 440 1236 et
465 1202 648 1246 familiari,
677 1202 742 1249 qui
771 1201 964 1249 quomodo
989 1200 1100 1235 aedilis
1118 1200 1193 1245 jam
1225 1199 1360 1234 curulis
1390 1206 1474 1234 ante

119 1262 268 1296 Sullana
290 1269 457 1308 tempora
485 1262 636 1297 fuisset?
669 1265 700 1297 J.
727 1264 771 1297 V.
794 1265 833 1298 L.
856 1262 945 1297 dicit
966 1274 1066 1305 eum,
1086 1261 1132 1296 de
1160 1273 1236 1307 quo
1256 1260 1315 1294 hic
1335 1260 1474 1308 agitur,

118 1330 261 1369 patrem
278 1323 397 1357 videri
421 1323 517 1358 illius
542 1323 601 1358 cui
628 1325 755 1368 Caesar,
777 1331 905 1358 orante
933 1323 1127 1366 Cicerone,
1147 1322 1300 1369 ignovit.
1329 1322 1370 1355 L.

176 1385 246 1419 Vel
269 1392 409 1420 nostros
435 1385 664 1420 decemviros.
693 1385 837 1420 Schutz.
870 1384 934 1419 dat
966 1397 1049 1418 cum
1078 1383 1259 1417 Lambino
1281 1384 1345 1415 vel
1363 1382 1480 1416 nostri

119 1444 317 1479 decemviri
339 1444 451 1479 creati
474 1451 576 1488 sunt,
596 1456 627 1478 a.
657 1446 702 1480 U.
733 1446 771 1479 C.
794 1445 885 1487 304,
906 1443 1117 1478 centuriatis
1135 1441 1312 1484 comitiis,
1332 1440 1475 1487 Appius

119 1505 294 1540 Claudius
313 1512 349 1539 et
366 1506 406 1539 T.
429 1504 634 1548 Genucius,
655 1505 718 1551 qui
738 1504 917 1552 designati
936 1505 1103 1538 consules
1126 1503 1292 1544 fuerant,
1315 1514 1475 1548 cumque

118 1566 173 1600 his
196 1567 235 1601 P.
266 1566 432 1610 Sextius,
459 1565 569 1611 hujus
598 1565 684 1600 anni
713 1566 859 1608 consul,
880 1572 916 1599 et
941 1572 1013 1598 tres
1038 1563 1168 1611 legati,
1201 1563 1265 1608 qui
1292 1574 1311 1596 a
1340 1562 1474 1596 Graecis

118 1628 216 1675 leges
247 1628 463 1669 attulerant,
486 1628 523 1660 P.
554 1625 778 1668 Postumius,
800 1626 900 1659 SerV.
932 1624 1135 1670 Sulpicius,
1162 1625 1206 1658 A.
1233 1622 1412 1666 Manlius,
1439 1630 1475 1657 et

118 1700 214 1722 unus
242 1699 287 1722 ex
309 1685 508 1732 superioris
528 1685 612 1719 anni
633 1686 861 1729 consulibus,
881 1687 921 1720 T.
941 1685 1154 1727 Romulius,
1175 1683 1257 1730 qui,
1282 1690 1474 1717 accusante

119 1748 258 1791 Siccio,
278 1747 486 1789 damnatus,
512 1754 595 1793 post
615 1754 745 1781 auctor
771 1746 961 1794 popularis
981 1744 1167 1780 sententiae
1184 1744 1322 1787 fuerat;
1343 1755 1388 1777 ex
1410 1755 1473 1777 re-

118 1808 224 1855 liquo
244 1807 378 1843 deinde
408 1814 557 1851 senatu,
578 1809 617 1843 C.
643 1808 780 1851 Julius,
803 1809 844 1842 T.
865 1806 1059 1849 Veturius,
1083 1807 1122 1840 P.
1153 1804 1350 1848 Horatius,
1378 1815 1472 1838 con-

119 1870 255 1904 sulares
280 1881 425 1912 omnes,
443 1869 481 1902 hi
500 1870 618 1916 leges,
644 1875 723 1903 tum
742 1880 786 1903 ex
803 1868 887 1913 jure
907 1869 1138 1910 Graecorum,
1159 1873 1236 1899 tum
1255 1877 1300 1899 ex
1321 1863 1473 1899 institu—

120 1929 166 1963 tis
200 1930 328 1975 patriis
361 1936 635 1976 proposuerant
662 1929 699 1963 in
738 1929 889 1972 tabulis,
914 1935 954 1962 ut
983 1939 1001 1962 a
1036 1926 1167 1973 quovis
1194 1926 1272 1960 cive
1300 1926 1475 1971 cognosci

118 1997 288 2037 possent;
308 1991 444 2026 deinde
464 1991 676 2026 centuriatis
696 1989 850 2024 comitiis
863 1989 1034 2032 sancitas,
1053 1995 1088 2022 et
1108 1988 1145 2021 in
1164 2000 1209 2021 aes
1233 1986 1363 2021 incisas
1382 1998 1474 2020 con-

120 2051 317 2086 stituerunt
335 2052 374 2086 in
394 2052 549 2087 maxime
569 2051 769 2098 conspicuo
788 2052 871 2085 loco
890 2050 1002 2094 Fori;
1021 2056 1055 2083 et
1083 2048 1170 2095 quia
1190 2047 1330 2094 aliquid
1349 2048 1471 2095 legum

121 2112 246 2147 deesse
273 2112 491 2157 videbatur,
528 2113 566 2146 in
597 2112 810 2159 proximum
839 2123 974 2146 annum
1003 2122 1129 2144 rursus
1161 2108 1378 2152 decemviri,
1409 2107 1474 2154 qui

122 2174 213 2208 duas
230 2173 418 2219 prioribus
437 2174 676 2217 addiderunt,
698 2173 798 2208 unde
818 2180 854 2207 et
872 2172 976 2207 dictae
995 2178 1080 2206 sunt
1097 2171 1196 2217 leges
1215 2170 1290 2204 XlI
1309 2169 1474 2204 Tabula—

120 2247 214 2269 rum.
243 2233 376 2283 (D10N.
409 2236 636 2279 Humana„
658 2232 709 2282 x.)
728 2233 823 2268 Vide
842 2233 943 2280 apud
961 2233 1096 2267 Aulum
1125 2231 1304 2274 Gellium,
1336 2242 1403 2273 xx,
1436 2241 1448 2263 1
1464 2255 1473 2271 ,

122 2295 448 2342 disceptationem,
468 2297 618 2343 cognitu
641 2296 809 2343 dignam,
830 2294 926 2328 inter
949 2294 1048 2328 Sext.
1076 2292 1260 2327 Caecilium
1285 2290 1474 2337 juriscon-

123 2357 275 2400 sultum,
296 2363 331 2391 et
354 2357 577 2392 Favorinum
597 2357 861 2404 philosophum
875 2383 884 2399 ,
910 2355 956 2389 de
975 2355 1068 2401 legg.
1090 2355 1166 2389 XII
1185 2354 1422 2388 Tabularum.

176 2418 249 2452 Ser.
282 2418 433 2460 Galboe,
457 2425 529 2452 et...
564 2418 602 2452 C.
629 2420 754 2453 Loelio.
778 2418 926 2461 Cicero,
949 2416 987 2450 in
1007 2417 1141 2459 Bruto,
1163 2427 1225 2449 eos
1250 2414 1289 2448 in
1313 2425 1469 2448 numero

123 2484 312 2513 oratorum
334 2478 525 2523 adscribit3
544 2485 580 2513 et
604 2479 820 2526 elegantiam
839 2478 877 2512 in
895 2477 1026 2521 Laelio,
1053 2477 1127 2510 vim
1154 2476 1193 2510 in
1217 2475 1333 2509 Galba
1360 2474 1471 2508 fuisse

122 2538 250 2581 tradit3
280 2539 344 2574 sed
366 2539 465 2574 Laelii
490 2546 648 2573 mentem
670 2539 809 2586 spirare
838 2538 944 2572 etiam
971 2537 1006 2571 in
1031 2537 1192 2583 scriptis3
1224 2534 1350 2569 Galbae
1382 2545 1472 2567 vero

122 2598 308 2634 occidisse.

1250 2678 1314 2721 ¹9-
