1843 3166
318 175 391 210 216
839 175 903 208 DE.
931 175 1170 210 ORATORE

316 269 358 303 et
384 276 435 302 ex
458 276 527 314 eo,
559 258 700 318 quod,
736 258 893 319 quibus
923 259 1111 320 vestigiis
1143 260 1334 319 primum
1369 259 1531 314 institi,
1562 260 1604 302 in
1631 260 1681 302 iis

316 339 403 383 fere
417 337 534 383 soleo
551 355 772 399 perorare,
794 348 836 382 et
855 339 974 399 quod
993 338 1217 399 aliquanto
1237 358 1305 384 me
1320 340 1456 401 major
1476 340 1521 383 in
1538 340 1681 383 verbis

315 430 355 463 et
381 421 424 464 in
445 422 667 465 sententiis
687 419 918 482 eligendis,
943 438 1073 480 quam
1096 438 1218 476 eum,
1252 421 1374 465 labor
1396 430 1437 465 et
1463 437 1566 464 cura
1590 429 1680 464 tor-

316 511 439 561 quet,
467 511 708 557 verentem,
748 518 822 558 ne,
859 502 892 543 si
924 500 1071 560 paullo
1097 500 1337 545 obsoletior
1362 500 1490 545 fuerit
1517 501 1678 556 oratio,

315 598 403 625 non
430 581 560 642 digna
583 582 901 641 exspectatione
924 590 966 624 ct
990 580 1161 624 silentio
1190 582 1320 625 fuisse
1342 581 1552 625 videatur.

377 662 508 719 Quod
541 663 573 705 si
612 663 655 705 in
690 662 834 714 nobis,
876 663 951 721 qui
989 661 1222 716 adsumus,
1258 672 1388 705 tantae
1419 660 1684 706 dissimilitu-

315 743 458 798 dines,
489 752 576 786 tam
605 752 731 786 certae
755 760 822 785 res
851 743 1060 802 cujusque
1086 743 1298 802 propriae,
1335 753 1376 787 et
1400 744 1443 785 in
1467 759 1516 786 ea
1541 743 1681 786 varie-

314 831 400 866 tate
429 822 517 866 fere
544 821 696 865 melius
726 839 750 865 a
781 822 1013 878 deteriore,
1046 822 1249 866 facultate
1283 824 1417 883 magis
1452 839 1581 882 quam
1611 839 1682 864 oe-

1610 858 1633 883 v

314 920 436 958 uere,
469 903 767 964 distinguitur,
798 912 929 962 atque
957 919 1086 946 omne
1118 901 1338 959 laudatur,
1375 902 1492 962 quod
1525 903 1568 945 in
1603 919 1682 945 suo

314 1000 469 1044 genere
492 983 732 1044 perfectum
753 993 817 1026 est
837 1000 845 1026 :
874 983 980 1042 quid
1005 983 1211 1037 censetis,
1237 983 1270 1025 si
1292 999 1466 1038 omnes,
1492 982 1567 1041 qui
1588 981 1682 1024 ubi-

314 1080 399 1124 que
428 1072 549 1119 sunt,
579 1073 655 1106 aut
684 1064 861 1106 fuerunt
888 1073 1106 1119 oratores,
1147 1061 1348 1123 amplecti
1386 1060 1683 1105 voluerimus?

315 1161 459 1189 nonne
483 1145 597 1199 fore,
634 1155 702 1201 ut,
727 1154 836 1205 quot
861 1154 1076 1199 oratores,
1110 1144 1291 1187 totidem
1319 1159 1440 1203 paene
1462 1141 1683 1203 reperian-

315 1234 385 1267 tur
416 1241 573 1284 genera
606 1224 807 1268 dicendi?
845 1227 910 1268 Ex
941 1241 1028 1284 qua
1053 1240 1149 1268 mea
1173 1222 1468 1284 disputatione
1496 1222 1679 1266 forsitan

315 1315 517 1349 occurrat
542 1305 675 1361 illud,
709 1307 741 1349 si
768 1323 889 1365 paene
914 1306 1252 1349 innumerabiles
1278 1306 1364 1349 sint
1387 1305 1509 1365 quasi
1535 1304 1681 1347 formae

316 1384 550 1446 figuraeque
578 1385 776 1441 dicendi,
811 1387 951 1445 specie
976 1386 1191 1446 dispareS,
1232 1402 1388 1446 genere
1417 1383 1679 1440 laudabiles3

317 1481 405 1508 non
430 1481 553 1525 posse
575 1482 645 1520 ea,
680 1481 773 1525 quae
803 1467 915 1509 inter
945 1482 988 1509 se
1014 1465 1285 1526 discrepant,
1318 1466 1469 1509 iisdem
1492 1480 1680 1525 praecep-

318 1546 395 1601 tis,
418 1554 548 1603 atque
568 1545 611 1587 in
632 1561 717 1587 una
734 1546 1007 1587 institutione
1026 1545 1215 1588 formari.

380 1623 518 1680 Quod
542 1640 630 1667 non
652 1632 715 1667 est
740 1626 820 1680 ita,
856 1623 1269 1684 diligentissimeque
1293 1625 1376 1667 hoe
1406 1634 1469 1667 est
1495 1625 1573 1680 eis,
1605 1624 1681 1684 qui

318 1706 555 1749 instituunt
591 1703 757 1764 aliquos
786 1715 915 1765 atque
945 1704 1172 1762 erudiunt,
1200 1704 1459 1761 videndum,
1488 1722 1575 1764 quo
1605 1721 1682 1749 sua

317 1801 533 1845 quemque
567 1794 721 1829 natura
750 1785 935 1829 maxime
970 1785 1082 1828 ferre
1113 1784 1323 1828 videatur.
1362 1786 1534 1829 Etenim
1564 1784 1682 1827 vide-

318 1881 440 1920 mus,
472 1882 523 1909 ex
548 1864 697 1908 eodem
728 1866 850 1925 quasi
876 1864 979 1908 ludo
1005 1881 1275 1909 summorum
1301 1868 1345 1909 in
1369 1882 1447 1909 suo
1473 1864 1680 1924 cujusque

321 1960 476 2005 genere
500 1945 716 1988 artificum
745 1955 788 1988 et
815 1945 1127 2005 magistrorum
1154 1945 1288 1989 exisse
1316 1943 1571 2004 discipulos,
1597 1943 1681 1987 dis-

321 2024 481 2069 similes
503 2026 616 2069 inter
634 2042 698 2082 se,
723 2034 912 2068 attamen
936 2025 1201 2082 laudandos;
1231 2043 1367 2086 quum
1394 2026 1448 2070 ad
1472 2027 1681 2087 cujusque

321 2113 522 2147 naturam
552 2106 768 2147 institutio
791 2105 980 2149 doctoris
1002 2105 1418 2150 accommodaretur.

384 2184 519 2242 Cujus
545 2193 608 2226 est
631 2183 698 2226 vel
723 2185 906 2228 maxime
934 2185 1102 2245 insigne
1129 2184 1235 2228 illud
1257 2184 1503 2245 exemplum
1526 2184 1599 2246 (ut
1619 2201 1695 2243 cef

324 2273 436 2306 teras
459 2272 570 2305 artes
592 2264 888 2324 omittamus),
927 2265 1045 2324 quod
1068 2265 1238 2308 dicebat
1259 2267 1494 2321 Isocrates,
1532 2264 1683 2307 doctor

325 2340 575 2401 singularis,
615 2359 657 2384 se
691 2342 927 2387 calcaribus
963 2346 1006 2387 in
1044 2344 1241 2404 Ephoro,
1282 2354 1434 2389 contra
1461 2353 1603 2387 autem
1638 2332 1695 2386 in*

324 2420 606 2480 Theopompo
634 2420 765 2464 frenis
797 2424 862 2465 uti
891 2423 1059 2467 solere:
1093 2423 1277 2468 alterum
1307 2425 1442 2478 enim,
1467 2422 1683 2467 exsultan-

326 2509 413 2543 tem
437 2500 665 2544 verborum
689 2501 891 2557 audacia,
919 2506 1206 2565 reprimebat3
1237 2504 1446 2560 alterum,
1478 2511 1682 2546 cunctan-

329 2588 414 2623 tem
445 2589 489 2622 et
520 2581 640 2638 quasi
671 2583 1060 2639 verecundantem,
1097 2585 1319 2628 incitabat.
1361 2585 1511 2643 Neque
1533 2599 1606 2627 eos
1629 2583 1683 2625 si-
