1843 3166
385 234 402 254 Γ

385 239 427 275 al.
904 235 963 268 DE
991 235 1055 267 0ss
1063 234 1191 267 ATOR
1201 235 1226 267 [ἦ

380 321 428 362 C.
455 319 736 370 Mancinum,
768 318 1079 361 nobilissimum
1113 328 1241 377 atque
1265 318 1479 378 optimum
1512 318 1671 371 virum,
1696 334 1744 361 ac

382 396 676 453 consularem,
711 415 843 457 quum
889 415 986 441 eum
1030 409 1206 458 propter
1246 398 1450 441 invidiam
1487 397 1743 440 Numantini

380 477 551 520 foederis
582 487 704 537 pater
733 488 927 537 patratus
957 495 1006 521 ex
1044 482 1084 520 S.
1113 481 1160 521 (ἶ.
1187 478 1461 521 Numantinis
1494 475 1744 532 dedidisset,

379 574 564 616 eumque
583 556 642 600 illi
664 575 749 600 non
769 559 1046 617 recepissent,
1068 567 1302 617 posteaque
1321 559 1549 600 Mancinus
1567 556 1745 600 domum

381 638 633 692 levenisset,
661 655 798 696 neque
822 638 863 679 in
890 647 1084 680 senatum
1109 638 1286 679 introire
1313 637 1567 691 dubitasset3
1588 638 1632 679 P.
1659 639 1747 680 Ru-

381 715 521 771 tilius,
551 719 611 759 M.
638 717 770 771 filius,
801 718 1000 760 tribunus
1026 717 1180 777 plebis,
1205 718 1257 760 de
1276 726 1426 759 senatu
1447 717 1575 776 jussit
1598 715 1746 769 educi,

381 796 496 856 quod
529 813 627 839 eum
662 799 798 840 civem
832 808 1009 858 negaret
1043 814 1158 851 esse3
1183 798 1284 856 quia
1320 798 1525 839 memoria
1554 797 1614 839 sic
1640 804 1748 838 esset

382 875 622 935 proditum,
647 894 774 936 quem
800 888 921 938 pater
942 895 1044 921 suus
1067 888 1141 921 ant
1166 876 1353 938 populus
1376 875 1657 931 vendidisset,
1674 884 1748 918 aut

382 966 504 1016 pater
527 967 723 1016 patratus
755 957 1005 1012 dedidisset,
1039 959 1074 1000 ei
1103 956 1271 1000 nullum
1307 974 1397 999 esse
1424 954 1746 1015 postliminium.

446 1038 591 1092 Quam
621 1053 850 1095 possumus
881 1039 1069 1096 reperire
1093 1054 1139 1079 ex
1170 1038 1372 1078 omnibus
1399 1037 1526 1079 rebus
1552 1034 1748 1079 civilibus

382 1131 553 1157 eausam
579 1116 990 1174 contentionemque
1020 1117 1248 1174 majorem,
1273 1132 1404 1174 quani
1431 1115 1483 1158 de
1505 1115 1678 1170 ordine,
1698 1115 1748 1159 de

381 1195 579 1248 civitate,
621 1194 673 1237 de
715 1193 938 1248 libertate,
978 1194 1029 1237 de
1073 1195 1212 1253 capite
1255 1195 1443 1239 hominis
1484 1194 1750 1250 consulari53

382 1275 616 1332 praesertim
649 1289 784 1333 quum
814 1273 902 1316 haec
936 1290 1022 1316 non
1052 1274 1096 1315 in
1127 1274 1306 1316 erimine
1338 1272 1506 1333 aliquo,
1532 1274 1649 1332 quod
1682 1272 1753 1317 ille

382 1363 524 1411 posset
547 1354 744 1408 infitiari,
775 1353 847 1396 sed
874 1354 915 1396 in
940 1353 1053 1397 civili
1078 1355 1178 1413 jure
1206 1354 1485 1397 consisteret?

447 1433 670 1493 Similique
699 1435 741 1476 in
773 1451 951 1494 genere,
983 1434 1185 1477 inferiore
1223 1434 1400 1490 ordine,
1433 1437 1465 1478 si
1504 1436 1600 1493 quis
1635 1435 1752 1494 apud

384 1531 459 1558 nos
483 1515 682 1557 servisset
713 1532 763 1557 ex
796 1514 959 1574 populo
984 1514 1210 1570 foederato,
1238 1531 1413 1574 seseque
1440 1514 1680 1569 liberasset,
1703 1532 1753 1558 ac

380 1603 529 1653 postea
565 1593 741 1636 domum
777 1594 1034 1649 reve11isset3
1065 1595 1295 1652 quaesitum
1327 1604 1389 1637 est
1419 1594 1535 1654 apud
1570 1594 1753 1653 majores

379 1683 569 1729 nostros,
596 1690 701 1716 1111111
727 1674 761 1716 is
786 1673 840 1716 ad
868 1690 968 1716 suos
995 1673 1260 1733 postliminio
1286 1673 1501 1728 rediisset,
1525 1684 1566 1717 et
1585 1674 1753 1717 amisis-

381 1763 443 1797 set
470 1754 584 1796 hanc
609 1755 840 1797 civitatem.

443 1834 590 1892 Quid?
614 1835 666 1877 de
690 1834 908 1890 libertate,
929 1851 1015 1894 quo
1037 1834 1253 1894 judicium
1272 1836 1446 1896 gravius
1468 1852 1559 1879 esse
1578 1834 1749 1878 nullum

380 1925 541 1975 potest,
561 1932 706 1958 nonne
732 1932 784 1958 ex
802 1916 900 1975 jure
926 1914 1040 1958 civili
1067 1924 1207 1975 polest
1230 1932 1319 1958 esse
1342 1917 1589 1970 contentio,
1617 1931 1752 1975 quum

380 1996 612 2054 quaeritur,
649 1997 704 2053 is,
742 1997 816 2055 qui
852 1995 1017 2038 domini
1054 1994 1276 2038 voluntate
1317 2012 1469 2038 census
1504 1997 1578 2050 sit,
1613 1995 1753 2038 conti-

380 2093 546 2132 nuone,
569 2092 624 2119 an
643 2076 717 2118 ubi
741 2075 928 2118 lustrum
950 2075 1196 2130 conditum,
1216 2075 1323 2118 liber
1346 2075 1426 2118 sit?

443 2155 588 2212 Quid,
607 2155 725 2215 quod
749 2172 850 2212 usu,
875 2156 1081 2198 memoria
1105 2166 1301 2215 patrum,
1328 2157 1463 2212 venit,
1488 2166 1537 2199 ut
1563 2156 1751 2216 paterfa-

380 2234 520 2278 milias
535 2270 546 2292 ,
575 2237 650 2295 qui
672 2253 724 2279 ex
743 2237 951 2296 Hispania
973 2239 1158 2279 Romam
1188 2237 1389 2290 venisset,
1415 2253 1552 2295 quum
1572 2252 1752 2279 uxorem

381 2326 679 2377 praegnantem
711 2318 754 2359 in
781 2318 1009 2377 provincia
1029 2316 1293 2376 reliquisset,
1315 2319 1550 2376 Romaeque
1574 2315 1752 2359 alteram

382 2395 592 2453 duxisset,
617 2413 754 2456 neque
785 2398 988 2440 nuntium
1019 2398 1155 2457 priori
1184 2398 1436 2451 remisisset,
1470 2405 1754 2455 mortuusque

381 2487 489 2519 esset
515 2478 739 2532 intestato,
768 2487 809 2520 et
833 2495 882 2520 ex
911 2487 1094 2537 utraque
1124 2476 1236 2520 filius
1271 2487 1398 2520 natus
1425 2485 1560 2530 esset;
1590 2474 1753 2518 medio-

383 2556 524 2599 erisne
550 2572 616 2599 res
647 2557 691 2598 in
719 2558 1062 2600 controversiam
1093 2556 1279 2600 adducta
1313 2556 1405 2600 est?
1427 2571 1562 2615 quum
1587 2570 1750 2614 quaere-

385 2645 503 2678 retur
531 2636 583 2678 de
612 2635 782 2678 duobus
816 2638 973 2679 civium
1005 2638 1240 2696 capitibus,
1270 2648 1312 2680 et
1339 2637 1390 2679 de
1413 2652 1568 2696 puero,
1600 2638 1674 2694 qui
1701 2651 1752 2678 ex
