1843 3166
281 207 351 242 308
785 201 848 235 DE
879 198 1131 235 ORATORE.

278 284 474 319 sessionem
502 279 760 328 patrisfamiliae
791 278 968 313 dividere.
993 275 1103 312 Actio
1122 280 1243 309 autem
1264 272 1513 308 herciscundae
1533 273 1641 307 fami—

278 347 350 391 liae,
369 353 410 380 ut
430 345 478 380 ait
500 344 628 387 Caius,
650 342 711 378 lib.
732 354 754 376 x
767 369 775 385 ‚
802 342 942 388 Digest.
960 367 969 382 ,
992 337 1242 386 proficiscitur
1262 349 1305 372 ex
1325 337 1404 383 lege
1423 336 1497 370 XII
1517 336 1645 370 Tabu—

278 410 414 451 larum;
439 418 600 452 namque
627 403 871 439 coheredibus
890 401 1102 436 volentibus
1116 412 1136 434 a
1155 397 1417 434 communione
1437 396 1645 441 discedere,

280 468 524 503 necessarium
543 466 741 501 videbatur
764 464 926 511 aliquam
949 462 1133 497 actionem
1153 460 1346 504 constitui,
1369 471 1444 506 qua
1464 459 1561 493 inter
1583 470 1647 493 eos

279 542 336 564 res
361 529 592 564 hereditariae
616 527 949 568 distribuerentur3
969 531 1004 558 et
1018 536 1085 570 per
1103 521 1354 557 herciscundae
1374 520 1518 555 familiae
1536 519 1648 554 actio-

280 604 382 634 nem,
408 597 447 624 ut
475 590 524 624 ait
552 588 733 635 Ulpianus
761 587 917 630 ibidem,
938 585 1118 620 dividitur
1143 583 1340 619 hereditas.
1361 584 1526 617 TALAEUS.

333 653 419 685 Cn».
455 651 569 684 LVII.
604 650 848 695 Agnavct’ndo
877 647 1002 693 rumpi
1023 652 1291 680 tastamentum.
1320 644 1359 678 Si
1387 641 1649 689 paterfamilias

281 718 364 746 ante
379 709 463 745 fecit
485 716 759 752 testamentum,
780 721 891 754 quam
910 714 1016 741 natus
1040 706 1073 740 ei
1093 706 1137 740 sit
1161 704 1276 747 filius,
1299 710 1451 750 ruptum
1471 709 1541 747 est,
1561 709 1648 737 nato

281 770 376 813 filio3
405 776 440 803 et
467 769 599 804 amittit
625 770 684 815 jus
706 781 814 803 omne
835 768 882 802 ad
912 766 1154 801 hereditatem
1176 765 1224 810 is,
1253 764 1318 811 qui
1343 764 1406 799 illo
1431 770 1649 798 testamento

280 833 388 867 heres
409 832 528 866 fuerat
555 830 753 865 institutus.
773 829 887 864 Filius
912 827 1009 863 enim
1033 826 1244 871 nascendo,
1265 825 1354 872 quia
1379 825 1474 859 inter
1499 832 1651 871 agnatos

281 893 386 940 prior
418 899 486 936 est,
527 905 568 927 ac
594 891 733 938 potior,
766 891 826 937 jus
865 902 974 924 omne
1007 888 1054 922 ad
1090 887 1332 922 hereditatem
1370 885 1441 920 sibi
1476 884 1650 919 vindicat.

284 954 444 1003 Agnasci
475 954 622 997 dicitur,
648 953 713 1000 qui
736 952 901 987 nascitur
922 964 1003 986 cum
1024 949 1122 993 aliis,
1147 949 1212 996 qui
1234 961 1279 983 ex
1302 948 1430 982 eadem
1449 947 1564 994 stirpe
1585 959 1653 994 per

283 1017 381 1051 viros
401 1016 575 1062 deinceps
602 1015 713 1050 ducta
733 1014 831 1059 nati,
860 1021 895 1048 et
917 1012 1095 1061 sanguine
1116 1009 1306 1056 conjuncti
1325 1016 1420 1045 sunt.
1446 1011 1581 1044 PRUs‘r.

337 1080 405 1120 Et,
428 1079 537 1113 credo
549 1104 560 1120 ,
582 1078 618 1112 in
640 1077 706 1111 illa
730 1076 856 1110 militis
870 1088 997 1110 causa.
1018 1076 1073 1108 De
1093 1085 1166 1120 qua
1186 1072 1326 1107 dictum
1346 1070 1526 1118 superius.
1547 1072 1655 1105 Pater

283 1138 421 1185 filium,
443 1140 508 1187 qui
531 1146 608 1174 erat
638 1139 675 1173 in
695 1138 879 1182 exercitu,
907 1137 1041 1172 obiisse
1062 1136 1154 1170 falso
1183 1133 1342 1177 audivit3
1366 1133 1476 1167 alium
1496 1131 1656 1167 instituit

283 1201 478 1244 heredem;
498 1200 609 1236 rediit
626 1200 751 1244 miles;
771 1199 845 1247 egit
864 1200 945 1247 lege
964 1197 1002 1232 in
1020 1204 1210 1244 paternam
1229 1194 1484 1229 hereditatem.

342 1262 401 1297 Uti
426 1264 555 1309 lingua
580 1261 831 1308 nuncupas-sit.
859 1260 1072 1294 Versiculus
1096 1264 1173 1292 erat
1195 1256 1233 1290 in
1258 1257 1332 1291 XII
1351 1254 1503 1289 Tabulis
1531 1267 1539 1289 :
1563 1254 1657 1289 «Uti

285 1322 410 1370 lingua
421 1323 676 1370 nuncupassit,
697 1322 748 1356 ita
766 1321 826 1367 jus
847 1327 981 1366 est03.»
1002 1320 1039 1354 id
1052 1326 1122 1363 est,
1143 1318 1246 1366 quod
1258 1330 1321 1352 ore
1336 1315 1655 1364 pronuntiaverit,

288 1390 407 1418 ratum
426 1391 515 1418 esto.
532 1384 647 1429 Cujus
666 1384 832 1417 formulae
853 1389 888 1416 et
908 1380 1077 1415 carminis
1097 1393 1138 1414 ea
1156 1379 1335 1414 sententia
1355 1385 1424 1422 est,
1439 1378 1477 1412 in
1498 1377 1657 1412 dicendo

285 1443 369 1489 jure
393 1457 432 1478 ac
452 1445 649 1479 statuendo
671 1443 881 1477 habendam
914 1454 988 1476 esse
1008 1442 1212 1486 verborum
1237 1447 1273 1474 et
1295 1439 1423 1486 scripti
1454 1438 1658 1482 rationem,

290 1511 324 1538 et
358 1504 407 1538 ita
424 1496 671 1550 judicandum
694 1516 790 1547 csse,
816 1502 922 1537 verbi
953 1502 1084 1549 gratia,
1109 1502 1156 1536 de
1189 1501 1380 1547 pactione,
1401 1499 1658 1546 stipulatione,

289 1564 523 1608 venditione,
551 1564 606 1598 uti
625 1576 667 1598 ea
686 1563 809 1609 pactio
838 1570 873 1596 et
899 1562 1066 1596 venditio
1090 1562 1213 1595 verbis
1236 1568 1417 1607 concepta
1436 1560 1568 1605 fuerit,
1594 1572 1659 1594 seu

291 1625 347 1659 uti
374 1624 499 1671 lingua
526 1624 766 1659 vendentium
797 1629 832 1656 et
853 1621 1153 1656 contrahentium
1173 1621 1466 1667 nuncupaverit,
1487 1634 1550 1656 seu
1568 1633 1661 1667 pro-

293 1685 531 1720 nuntiaverit.
560 1684 654 1729 Alii,
683 1693 724 1719 ut
750 1683 938 1727 Olivetus,
969 1684 1139 1730 legerunt
1165 1689 1429 1728 nuncupasset,
1458 1688 1494 1716 et
1519 1693 1660 1728 posue—

291 1753 390 1781 runt.
412 1747 545 1780 Pnus'r.

346 1808 420 1842 Sed
440 1808 476 1841 in
495 1807 669 1853 magistri
685 1806 860 1840 carmine.
875 1806 1032 1840 Carmen
1051 1803 1216 1851 magistri
1236 1803 1461 1851 interpretor
1474 1803 1659 1847 tabellam,

292 1880 404 1916 quam
425 1868 598 1915 magister
619 1867 879 1914 proponebat,
900 1873 936 1901 et
960 1879 1034 1914 qua
1059 1866 1314 1913 perscribebat
1334 1878 1370 1900 se
1384 1866 1539 1911 alicujus
1559 1865 1659 1900 bona

290 1930 539 1965 venditurum.
562 1930 651 1975 Ejus
677 1929 775 1964 enim
803 1929 911 1973 olim,
937 1928 1003 1975 qui
1033 1928 1159 1963 multis
1188 1928 1367 1971 debebat,
1397 1927 1658 1973 latitabatque‚

290 2004 413 2038 neque
444 1992 727 2036 defendebatur,
754 1990 958 2026 creditores
988 1997 1183 2036 praetorem
1212 1989 1387 2034 adibant,
1420 1987 1522 2035 apud
1549 2000 1659 2035 quem

292 2054 556 2100 querebantur,
580 2055 844 2100 bonorumque
862 2052 1131 2099 possessionem
1155 2052 1350 2099 petebant3
1373 2063 1485 2098 quam
1505 2057 1541 2085 et
1564 2062 1660 2097 prae-

295 2118 355 2146 tor
375 2115 503 2158 daban
527 2122 638 2161 atque
663 2114 699 2148 in
715 2114 812 2149 diem
841 2120 974 2148 certam
997 2126 1037 2148 ea
1058 2113 1308 2160 possidebant.
1336 2114 1430 2156 Quae
1449 2124 1565 2159 quum
1590 2123 1657 2146 ve-

291 2181 414 2217 nerat,
428 2183 623 2221 praetorem
637 2187 763 2210 rursus
783 2174 953 2218 adibant,
974 2175 1224 2221 petebantque
1244 2173 1313 2208 sibi
1334 2180 1375 2208 ut
1392 2173 1520 2208 liceret
1539 2185 1657 2207 unum

294 2248 312 2270 e
344 2249 411 2270 suo
446 2248 601 2271 numero
632 2237 813 2283 deligere,
834 2236 898 2283 qui
922 2237 1111 2271 bonorum
1141 2235 1349 2269 venditioni
1373 2241 1567 2282 praeesset,
1596 2234 1661 2280 qui

293 2297 466 2343 magister
496 2297 700 2331 dicebatur.
730 2299 780 2341 Is,
811 2298 849 2331 in
880 2297 1050 2344 compitis
1083 2296 1310 2339 celebribus,
1340 2303 1376 2330 et
1400 2294 1659 2342 frequentibus

294 2356 397 2391 urbis
417 2357 526 2401 locis,
555 2357 717 2391 tabulam
738 2358 992 2405 proponebat,
1014 2371 1049 2392 se
1075 2357 1253 2392 debitoris
1272 2357 1372 2390 bona
1397 2355 1635 2390 venditurum
1649 2382 1659 2398 ‚

294 2417 349 2452 his
374 2418 496 2452 verbis
524 2432 532 2452 :
559 2418 729 2462 «Titius,
754 2419 903 2454 debitor
920 2426 1059 2464 noster,
1084 2418 1213 2453 incidit
1240 2419 1277 2452 in
1305 2429 1449 2452 causam
1468 2415 1659 2451 venditio-

295 2479 351 2514 nis
378 2480 588 2522 honorum;
614 2492 681 2514 nos
712 2481 912 2516 creditores
952 2480 1031 2527 ejus
1060 2481 1159 2515 bona
1189 2480 1391 2515 vendemus
1415 2491 1423 2512 ε
1453 2478 1519 2525 qui
1536 2478 1660 2520 volet,

297 2546 415 2574 emtor
451 2540 612 2575 accedat.
639 2556 653 2571 »
686 2542 808 2585 Hanc,
842 2549 883 2576 ut
915 2542 1069 2589 opinor,
1101 2541 1414 2588 proscriptionem
1443 2539 1572 2574 Cicero
1598 2538 1658 2572 hic

299 2601 456 2647 appellat
475 2600 637 2649 magistri
657 2613 814 2637 carmen.
841 2604 1032 2647 Tamum„
1061 2604 1209 2638 Advers.
1237 2614 1362 2646 xxm,
1386 2601 1446 2644 34.
