1843 3166
331 214 400 255 348
828 214 891 247 DE
921 212 1168 248 ORATORE.

378 291 462 324 CM».
496 289 611 323 XXV.
642 289 800 322 Ornatur
822 289 932 335 igitur
955 289 1083 323 oratio.
1105 287 1316 322 Institutum
1343 287 1514 334 deinceps
1542 301 1673 336 aggre-

328 348 438 393 ditur,
459 361 499 383 ac
519 349 565 383 de
592 355 726 382 ornatu
752 348 928 384 orationis
947 349 1111 393 disserit3
1135 354 1245 395 atque
1270 348 1306 382 in
1326 347 1451 394 primis
1471 348 1609 394 duplex
1628 349 1674 382 il—

327 409 393 443 lud
415 421 530 456 genus
560 408 749 456 distinguit
783 422 789 443 :
822 421 938 444 unum
965 409 1002 443 in
1028 415 1109 444 toto
1137 409 1259 443 fusum
1290 420 1446 454 corpore
1472 408 1674 452 orationis;

326 469 427 504 aliud
456 476 640 517 spectatur
664 469 699 504 in
725 470 902 516 partibus.
932 470 1045 515 Quod
1071 469 1306 504 similitudine
1329 469 1477 504 humani
1509 470 1675 516 corporis

326 529 550 576 explicatur3
577 529 613 563 in
633 542 709 576 quo
729 530 797 565 alia
817 530 930 565 totius
949 537 1002 565 est
1020 528 1279 576 pulchritudo,
1299 542 1380 576 quae
1399 529 1436 563 in
1455 529 1590 564 coloris
1602 530 1674 564 bo—

326 589 457 633 nitate,
479 595 640 636 aptaque
665 590 917 625 membrorum
933 589 1179 637 proportione
1205 589 1394 624 cernitur:
1421 589 1489 624 alia
1514 590 1673 637 partium

327 649 562 696 singularum.
590 652 726 685 Pm-Av.

377 711 462 744 CAP.
483 710 643 744 XXVII.
670 712 939 758 Consequentur
950 712 1060 746 etiam
1074 712 1133 745 illi
1149 712 1228 746 loci.
1247 713 1364 747 Usum
1382 711 1550 745 locorum
1570 725 1673 746 com—

324 772 489 804 munium
508 770 751 805 commendat.
772 771 885 805 Erant
902 770 941 805 hi
959 783 1173 806 communes
1186 771 1258 806 loci
1281 770 1466 805 sententiae
1486 773 1652 817 quaedam
1665 800 1674 816 ‚

324 830 397 865 sive
415 830 670 877 promptuaria
689 838 991 878 argumentorum
1003 860 1012 876 ,
1030 833 1089 866 vel
1108 831 1401 878 disputationum
1413 831 1522 865 variis
1540 831 1675 866 scilicet

322 891 368 925 ‹le
405 891 517 926 rebus
544 891 794 926 institutarum
831 898 869 928 et
898 893 1131 940 generalibus
1151 920 1160 937 ‚
1198 891 1407 938 cujusmodi
1440 891 1509 926 tria
1543 904 1674 939 genera

322 950 523 998 distinguit.
567 951 640 985 Alii
672 951 767 987 enim
800 952 873 987 loci
906 953 1163 988 insectationes
1197 952 1391 987 criminum
1428 952 1673 999 quorumdam

322 1010 579 1055 continebant,
612 1012 658 1047 de
695 1012 831 1060 quibus
857 1025 967 1048 nemo
993 1013 1140 1048 dubitat
1171 1014 1264 1061 quin
1296 1012 1451 1060 pessima
1484 1013 1565 1048 sint.
1603 1014 1673 1048 Alii

321 1071 588 1117 deprecationis
626 1079 689 1107 aut
732 1073 975 1109 miserationis
1011 1074 1212 1109 excitandae
1251 1074 1432 1110 rationem
1473 1074 1672 1108 continent.

320 1132 485 1165 Tertium
515 1145 629 1181 genus
665 1133 776 1168 habet
806 1146 932 1169 earum
979 1135 1225 1182 quaestionum
1266 1135 1521 1170 tractationem
1540 1161 1550 1179 ‚
1593 1147 1674 1182 quae

320 1197 514 1240 utramque
544 1193 581 1228 in
610 1201 753 1241 partem
778 1195 1004 1242 disputando
1030 1197 1241 1241 trahuntur,
1265 1203 1307 1230 ut
1336 1196 1407 1230 sint
1437 1195 1483 1230 de
1514 1196 1673 1239 virtute,

320 1252 366 1286 de
390 1252 551 1298 justitia,
577 1255 781 1303 ceterisque
799 1256 842 1290 iis
860 1257 971 1291 rebus
990 1257 1163 1292 institutae
1183 1256 1460 1304 disputationes.
1481 1258 1616 1291 anv.

371 1314 530 1361 Propria
552 1316 708 1350 duarum
729 1316 1066 1363 philosopln'arum.
1088 1319 1275 1363 Quasnam
1299 1316 1498 1366 significet,
1521 1318 1671 1363 planum

318 1379 371 1407 est
396 1381 430 1407 et
448 1375 550 1410 facile
571 1388 579 1409 ε
604 1377 866 1423 peripateticos
891 1377 988 1412 enim
1007 1385 1043 1412 et
1062 1378 1289 1414 academicos
1308 1377 1440 1413 innuit.
1462 1379 1598 1412 Pssmv.

371 1435 456 1468 Cap.
478 1436 657 1470 XXVIII.
682 1439 800 1483 Atque
828 1437 1005 1473 hactenus
1025 1441 1227 1486 loquuntur.
1250 1440 1377 1473 Etiam
1405 1439 1477 1473 hac
1503 1439 1538 1472 in
1567 1439 1671 1472 insti—

320 1495 461 1527 tuendo.
483 1495 623 1529 Omitto
644 1498 849 1541 loquuntur,
882 1503 922 1530 ut
952 1509 1077 1531 sensus
1101 1500 1145 1532 sit
1165 1513 1173 1532 :
1202 1507 1343 1546 «atque
1365 1500 1542 1535 hactenus
1562 1499 1669 1534 etiam

318 1553 384 1587 hac
403 1553 630 1588 instituendo
641 1554 820 1588 divisione
832 1561 997 1599 utantur,
1006 1572 1020 1587 n
1039 1556 1176 1591 scilicet
1194 1557 1376 1601 rhetores,
1399 1559 1464 1593 etsi
1482 1559 1520 1592 in
1540 1571 1668 1593 eorum

317 1612 544 1658 provinciam
571 1614 783 1648 invaserunt
809 1615 1035 1662 philosophi.
1061 1617 1259 1649 Mmzmus.
1287 1635 1335 1642 —
1362 1620 1406 1650 In
1435 1618 1663 1652 instituendo.

321 1672 457 1708 Addidi
481 1674 781 1722 praepositionem
800 1676 861 1718 in,
884 1688 965 1724 quae
981 1688 1059 1711 non
1078 1682 1131 1711 est
1160 1674 1199 1709 in
1223 1675 1328 1721 edd.,
1348 1676 1414 1710 sed
1438 1675 1562 1710 abesse
1587 1689 1664 1711 non

316 1741 446 1779 potest.
472 1735 566 1770 ERN.

370 1795 517 1830 Surculo
535 1796 781 1844 defringendo.
796 1799 851 1833 Ita
872 1797 1113 1846 philosophos
1140 1798 1221 1834 illos
1245 1798 1292 1834 de
1320 1797 1502 1833 rhetorica
1522 1799 1665 1834 tradere

316 1855 456 1903 aliquid
477 1855 605 1902 docet,
631 1864 672 1892 ut
689 1871 766 1893 non
785 1858 854 1894 sibi
872 1859 1019 1906 penitus
1038 1859 1137 1894 illam
1155 1859 1360 1901 vindicent,
1384 1871 1507 1906 neque
1525 1859 1564 1894 in
1588 1872 1666 1895 eam

317 1921 489 1962 tanquam
506 1918 773 1964 possessionem
794 1931 922 1954 manus
946 1919 1128 1966 injiciant;
1148 1920 1210 1955 sed
1230 1920 1276 1955 de
1293 1932 1335 1954 ea
1355 1919 1554 1954 etiamnum
1574 1932 1665 1955 con-
1711 1945 1713 1947 ·

315 1975 504 2011 tendentes
517 1977 730 2025 imaginaria
746 1979 997 2014 vindicatione
1010 1987 1188 2027 usurpent
1206 1980 1245 2015 in
1263 1979 1396 2027 exigua
1410 1980 1533 2026 aliqua
1546 1987 1661 2026 parte.

314 2035 410 2070 Olim
430 2038 567 2083 petitor
585 2051 830 2084 possessorem
849 2052 922 2075 una
941 2053 1023 2076 cum
1035 2048 1191 2087 praetore
1210 2042 1248 2076 in
1266 2053 1341 2076 rem
1362 2047 1575 2086 praesentem
1591 2041 1665 2075 du-

315 2095 436 2141 cebat3
463 2098 562 2132 unde
592 2098 840 2134 adversarium
869 2113 978 2135 manu
997 2101 1252 2147 prehendens,
1276 2113 1373 2143 rem,
1404 2100 1451 2135 de
1478 2112 1553 2147 qua
1586 2108 1665 2136 erat

314 2157 522 2201 contentio,
548 2158 616 2193 sibi
634 2159 862 2204 vindicabat;
890 2161 993 2207 quod
1018 2173 1168 2196 manum
1195 2174 1387 2197 conserere
1414 2161 1660 2208 appellabant.

314 2218 555 2265 Posteaquam
582 2231 690 2263 vero,
718 2220 930 2267 propagatis
956 2221 1069 2256 Italiae
1095 2221 1254 2266 finibus,
1282 2228 1476 2268 praetores,
1504 2221 1662 2269 negotiis

313 2277 500 2323 occupati,
516 2277 701 2325 proficisci
720 2279 766 2313 ad
790 2279 1009 2328 longinquas
1027 2294 1084 2317 res
1103 2283 1363 2331 gravabantur,
1383 2281 1589 2316 institutum
1608 2289 1662 2316 est

313 2342 353 2369 ut
371 2336 552 2384 litigantes
563 2350 641 2372 non
654 2339 752 2385 apud
770 2347 944 2386 praetores
960 2355 1110 2378 manum
1129 2349 1383 2383 consererent,
1412 2342 1477 2377 sed
1496 2355 1543 2376 ez·
1551 2341 1658 2387 jure,

312 2395 350 2429 id
375 2403 427 2430 est
454 2410 498 2431 ex
525 2410 569 2432 eo
593 2399 676 2432 loco
702 2399 768 2433 ubi
786 2400 846 2445 jus
876 2402 1115 2447 reddebatur,
1135 2415 1283 2437 manum
1312 2410 1512 2437 consertum
1542 2415 1658 2436 voca-

312 2463 407 2498 rent,
435 2455 475 2491 id
503 2464 573 2502 est,
598 2459 690 2493 alter
721 2460 876 2495 alterum
900 2462 948 2496 ad
974 2476 1123 2500 manum
1147 2463 1411 2499 conserendam
1433 2463 1472 2498 in
1495 2475 1591 2507 rem,
1613 2464 1658 2498 de

312 2527 384 2560 qua
404 2525 583 2564 ageretur,
610 2528 774 2564 vocaret3
795 2528 906 2569 atque
935 2525 1092 2572 profecti
1111 2525 1216 2559 simul
1240 2525 1277 2558 in
1297 2536 1423 2570 agrum
1447 2524 1493 2559 de
1513 2537 1589 2570 quo
1612 2525 1657 2558 li*

311 2574 624 2622 tigabatur,ter1·a=
645 2580 781 2626 aliquid
803 2595 844 2616 ex
867 2596 909 2616 co
923 2612 931 2628 ,
955 2585 1005 2618 uti
1033 2598 1142 2619 unam
1162 2586 1320 2632 glebam,
1342 2584 1375 2617 in
1396 2585 1454 2629 jus
1473 2584 1509 2618 in
1529 2585 1656 2619 urbem
