1843 3166
390 235 434 266 ¹5.»
901 233 963 267 DE
994 234 1226 268 ORATORF,

388 315 575 370 artificii,
601 315 663 358 vel
690 314 904 358 multatis
924 316 1262 375 disputationem
1289 331 1406 376 paene
1428 316 1622 360 intimam
1647 333 1740 377 pcr-

390 395 608 450 veniretis,
635 396 699 437 vix
722 393 960 453 optandum
988 397 1110 438 nobis
1135 395 1373 439 videbatur.

454 476 544 534 Ego
562 476 695 527 cuim,
717 475 789 532 qui
809 476 861 520 ab
886 478 1060 518 ineunte
1079 485 1202 518 aeiate
1224 476 1423 521 incensus
1442 492 1575 518 essem
1597 474 1740 518 studio

392 556 614 613 utriusque
642 563 849 610 vestrum,
879 556 1021 599 Crassi
1050 571 1151 599 vero
1176 556 1304 598 etiam
1333 572 1498 610 amore,
1525 571 1660 614 quum
1689 555 1741 597 ab

389 652 439 678 eo
464 649 673 692 nusquam
701 634 980 686 discederem,
1000 635 1180 678 verbum
1201 652 1251 678 ex
1271 652 1321 678 eo
1347 650 1570 695 uunquam
1590 633 1743 677 elicere

391 715 511 773 potui
532 713 585 757 de
601 716 642 757 vi
663 732 710 758 ac
731 714 897 758 ratione
918 713 1110 770 dicendi,
1129 732 1263 774 quum
1280 725 1322 758 et
1341 732 1416 775 per
1436 714 1740 773 memetipsum

391 798 590 854 egissem,
611 803 653 837 et
673 811 749 854 per
773 796 965 837 Drusum
990 810 1099 854 saepe
1120 803 1348 838 tentassem
1373 812 1381 837 :
1406 811 1492 854 quo
1518 798 1560 837 in
1583 809 1740 853 genere

392 884 458 930 tu,
495 874 655 917 Antoni
685 874 803 935 (vere
836 872 1028 933 loquar),
1069 890 1292 934 nunquam
1329 875 1434 918 mihi
1470 874 1739 934 percontanti

391 964 465 997 aut
490 955 699 1013 quaerenti
726 953 907 1014 aliquid,
937 954 1130 1008 defuisti,
1157 965 1200 998 et
1227 972 1416 1015 persaepe
1441 971 1526 1010 me,
1553 970 1648 1014 quae
1675 970 1743 997 so-

390 1032 498 1078 leres
525 1035 567 1078 in
596 1034 781 1079 dicendo
804 1035 1056 1090 observare,
1080 1035 1279 1085 docuisti.

452 1115 596 1170 Nune,
621 1114 826 1173 quoniam
852 1124 1034 1174 uterque
1062 1124 1253 1159 vestrum
1281 1115 1481 1175 patefecit
1503 1131 1650 1158 earum
1674 1130 1743 1157 re-

391 1210 487 1238 rum
529 1194 718 1254 ipsarum
758 1193 950 1249 aditum,
992 1210 1099 1254 quas
1143 1195 1403 1254 quaerimus,
1447 1204 1490 1237 et
1534 1195 1741 1254 quoniam

390 1275 589 1334 princeps
606 1275 785 1318 Crassus
805 1274 896 1334 ejus
917 1274 1128 1318 sermonis
1152 1273 1348 1317 ordiendi
1369 1274 1472 1329 fuit,
1498 1273 1596 1318 date
1621 1273 1745 1317 nobis

390 1353 501 1398 hane
529 1354 719 1409 veniam,
748 1363 797 1397 ut
827 1370 898 1410 ea,
927 1370 1022 1413 quae
1052 1354 1219 1396 sentitis
1252 1353 1305 1396 de
1340 1355 1458 1397 omni
1487 1370 1641 1414 genere
1679 1352 1746 1397 di-

391 1432 536 1490 cendi,
568 1433 783 1477 subtiliter
813 1433 1146 1494 persequamini.
1183 1431 1311 1489 Quod
1340 1432 1515 1492 quidem
1541 1434 1575 1476 si
1611 1433 1691 1476 erit
1720 1449 1744 1476 a

391 1512 512 1557 vobis
530 1514 827 1573 impetratum,
848 1529 1048 1574 magnam
1072 1512 1258 1568 habebo,
1281 1514 1455 1568 Crasse,
1474 1512 1577 1556 huie
1596 1511 1744 1572 palaes-

392 1602 486 1649 trae,
510 1602 553 1636 et
575 1591 822 1636 Tusculano
854 1603 930 1636 tuo
953 1593 1156 1653 gratiam,
1182 1602 1224 1635 et
1250 1591 1377 1653 longe
1406 1593 1649 1636 Academiae
1682 1590 1744 1635 illi

391 1688 440 1716 ac
453 1673 604 1733 Lycaeo
623 1681 745 1716 tuum
763 1671 846 1715 hoc
865 1671 1163 1715 suburbanum
1184 1672 1451 1732 gymnasium
1468 1682 1743 1732 anteponam.

455 1753 599 1795 XXII.
634 1753 745 1795 Tum
774 1750 844 1795 ille
868 1768 877 1794 ε
901 1752 1041 1794 Immo
1069 1768 1196 1807 vero,
1221 1752 1384 1810 inquit,
1410 1749 1593 1811 Sulpici,
1619 1768 1744 1812 roge-

394 1848 488 1875 mus
524 1832 786 1887 Antonium,
813 1833 888 1892 qui
919 1841 960 1875 et
986 1841 1129 1891 potest
1154 1831 1295 1875 facere
1322 1830 1366 1874 id
1395 1831 1513 1892 quod
1539 1832 1743 1891 requiris,

393 1922 436 1955 et
460 1913 703 1968 consuevit,
731 1922 779 1955 ut
810 1921 850 1955 te
878 1911 1008 1955 audio
1036 1910 1189 1955 dicere.
1220 1912 1331 1955 Nam
1359 1928 1427 1955 me
1457 1911 1657 1972 quidem,
1682 1911 1744 1954 fa-

396 2000 505 2048 teor,
534 2007 703 2052 semper
731 2008 754 2035 a
782 2007 936 2052 genere
968 1991 1052 2035 hoc
1081 2002 1173 2035 toto
1200 1993 1410 2035 sermonis
1443 1991 1669 2053 refugisse,
1701 2001 1743 2035 et

394 2071 474 2115 tibi
502 2072 694 2131 cupienti
722 2081 851 2130 atque
879 2072 1056 2114 instanti
1090 2073 1318 2132 saepissime
1344 2088 1543 2132 negasse,
1573 2081 1622 2114 ut
1650 2081 1742 2114 tute

394 2150 525 2210 paulo
553 2160 654 2194 ante
684 2150 844 2194 dixisti.
869 2149 1003 2207 Quod
1031 2167 1110 2211 ego
1137 2167 1224 2194 non
1255 2151 1474 2211 superbia,
1503 2167 1642 2210 neque
1679 2150 1743 2193 in-

395 2231 663 2275 humanitate
689 2230 917 2285 faciebam,
943 2247 1082 2290 neque
1111 2247 1198 2290 quo
1226 2241 1301 2274 tuo
1329 2231 1472 2274 studio
1504 2231 1742 2274 rectissimo

396 2320 524 2370 atque
551 2311 715 2370 optimo
746 2326 833 2352 non
860 2310 1039 2369 obsequi
1075 2309 1253 2366 vellem,
1280 2310 1515 2369 praesertim
1540 2327 1674 2369 quum
1702 2320 1743 2353 te

397 2406 530 2433 unum
549 2406 599 2432 ex
623 2389 823 2432 omnibus
845 2389 899 2433 ad
923 2389 1153 2432 dicendum
1177 2390 1360 2433 maxime
1383 2400 1555 2446 natum,
1577 2400 1743 2450 aptum-

397 2485 479 2529 que
508 2485 784 2529 cognossem3
814 2468 887 2512 sed
918 2468 1164 2513 mehercule
1200 2470 1321 2513 istius
1348 2470 1651 2530 disputationis
1678 2469 1744 2512 in-

398 2548 598 2602 solentia,
619 2558 748 2607 atque
769 2565 916 2591 earum
938 2565 1103 2604 rerum,
1126 2566 1221 2609 quae
1243 2550 1363 2608 quasi
1388 2550 1430 2592 in
1454 2557 1544 2592 arte
1564 2549 1742 2592 tradun-

399 2638 491 2684 tur,
513 2629 695 2672 inscitia.
