1843 3166
750 158 893 192 LIBER
924 159 967 192 η.
1124 192 1126 194 ,
1501 174 1548 208 92,

174 247 320 281 tamen
352 241 494 283 minus
519 249 579 282 est
609 242 912 284 necessarium.
942 271 958 273 —
987 270 1001 274 -
1021 244 1273 299 Quidnam?
1309 247 1449 306 inquit
1474 252 1551 293 Ca-

175 318 310 375 tulus3
353 336 408 363 an
440 319 739 364 laudationes?
776 321 817 364 id
849 324 963 366 enim
999 323 1127 367 video
1163 326 1265 383 poni
1306 343 1441 386 genus
1474 338 1552 371 tei·-

176 401 297 444 tium.

235 484 389 525 XI.--
403 485 493 538 Ita,
521 483 663 542 inquit
691 485 932 539 Antonius,
965 495 1007 528 et
1039 486 1082 529 in
1108 502 1159 529 eo
1189 486 1366 545 quidem
1395 504 1552 547 genero

172 563 261 606 scio
296 571 339 605 et
376 579 465 618 me,
506 574 549 606 et
586 580 758 619 omnes,
799 567 874 625 qui
907 565 1151 621 affuerunt,
1191 566 1426 610 delectatos
1462 584 1552 611 esso

173 644 466 699 vehementer,
497 661 633 704 quum
650 645 726 689 abs
745 655 784 689 te
801 656 866 690 est
883 646 1088 707 Popillia,
1119 657 1257 690 mater
1279 658 1440 705 vestra,
1462 647 1551 692 lau-

172 723 296 780 data3
323 725 392 768 cui
415 725 606 786 primum
631 725 804 769 mulieri
833 727 948 771 hunc
972 728 1185 772 honorem
1212 730 1254 772 in
1283 739 1430 772 nostra
1452 730 1554 772 civi-

174 815 260 849 tate
285 806 499 849 tributum
528 816 661 866 puto:
693 808 767 851 sed
794 826 881 851 non
907 810 1075 866 onmia,
1104 826 1393 869 quaecumque
1417 809 1553 870 loqui-

174 903 285 941 mur,
314 887 421 930 mihi
445 887 652 931 videntur
676 889 730 932 ad
755 899 894 932 artem
921 900 963 933 et
990 890 1045 933 ad
1073 900 1287 951 praecepta
1315 907 1408 934 esse
1431 908 1553 934 revo-

173 966 323 1010 canda.

236 1049 301 1091 Ex
340 1048 407 1092 his
444 1049 561 1092 enim
597 1050 815 1107 fontibus,
855 1051 971 1095 unde
1008 1053 1156 1095 omnia
1192 1062 1344 1096 ornate
1380 1051 1553 1096 dicendi

174 1139 389 1189 praecepta
417 1140 666 1188 sumuntur,
704 1129 851 1175 licebit
881 1133 1010 1176 etiam
1045 1132 1343 1176 laudationem
1374 1150 1553 1185 ornare,

175 1227 313 1270 neque
344 1210 416 1255 illa
448 1212 662 1256 elementa
701 1213 981 1258 desiderare:
1027 1231 1121 1275 quae
1155 1224 1202 1258 ut
1227 1231 1356 1257 nemo
1382 1214 1553 1267 tradat,

175 1293 270 1351 quis
294 1302 378 1348 est,
407 1294 482 1353 qui
504 1295 688 1350 nesciat,
717 1311 812 1353 quae
830 1296 916 1338 sint
940 1296 982 1337 in
1007 1295 1185 1338 homine
1207 1294 1453 1338 laudanda?
1476 1297 1555 1338 Po-

175 1374 266 1416 sitis
285 1374 400 1416 enim
422 1374 473 1417 iis
493 1374 645 1430 rebus,
674 1391 781 1434 quas
802 1377 986 1419 Crassus
1005 1376 1050 1418 in
1073 1374 1190 1419 illius
1212 1375 1424 1419 orationis
1446 1391 1555 1429 sum,

177 1471 307 1514 quam
343 1464 497 1498 contra
527 1455 737 1516 collegam
770 1472 926 1499 censor
962 1457 1137 1513 habuit,
1178 1457 1393 1517 principio
1428 1455 1555 1510 dixit,

176 1556 196 1577 «
217 1537 328 1593 Quae
357 1545 535 1593 natura,
573 1547 650 1580 aut
678 1537 854 1581 fortuna
884 1537 1094 1581 darentur
1121 1538 1400 1592 hominibus,
1434 1538 1478 1580 in
1506 1536 1556 1578 iis

176 1617 306 1661 rebus
331 1634 375 1661 se
397 1618 513 1661 vinci
537 1634 662 1678 posse
684 1619 831 1661 animo
851 1635 976 1678 aequo
1001 1620 1114 1678 pati,
1144 1635 1239 1678 quae
1262 1618 1344 1678 ipsi
1373 1618 1453 1661 sibi
1478 1618 1557 1661 ho-

176 1700 314 1743 mines
349 1716 504 1760 parare
538 1710 737 1760 possent,
779 1701 821 1742 in
860 1701 910 1742 iis
943 1700 1075 1744 rebus
1112 1716 1156 1743 se
1187 1701 1304 1743 vinci
1337 1701 1427 1761 pati
1467 1716 1556 1744 non

180 1797 317 1841 posse.
341 1801 362 1822 »

242 1862 332 1919 Qui
370 1861 565 1906 laudabit
595 1863 867 1922 quempiam,
908 1862 1142 1923 intelliget,
1178 1863 1437 1923 exponenda
1476 1863 1557 1905 sibi

180 1960 274 1987 esse
303 1943 489 1987 fortunae
514 1944 641 1987 hona.
672 1946 733 1987 Ea
759 1953 884 1998 sunt,
912 1945 1103 2004 generis,
1129 1945 1345 2004 pecuniae,
1374 1945 1557 2004 propin-

180 2042 389 2085 quorum,
411 2026 678 2079 amicorum,
703 2041 859 2086 opum,
883 2024 1156 2080 valitudinis,
1183 2026 1354 2081 formae,
1378 2026 1558 2081 virium,

182 2107 372 2168 ingenii,
402 2117 734 2168 ceterarumque
768 2124 936 2164 rerum,
968 2124 1064 2168 quae
1096 2116 1197 2151 sunt
1230 2116 1305 2150 aut
1339 2108 1558 2167 corporis,

182 2198 259 2232 aut
286 2198 530 2233 extraneae:
561 2191 596 2233 si
624 2189 847 2245 habuerit,
885 2189 995 2233 bene
1023 2189 1088 2233 his
1119 2205 1270 2244 usum,
1311 2190 1344 2232 si
1372 2205 1459 2232 non
1489 2189 1562 2231 ha-

183 2270 352 2326 buerit,
378 2271 597 2330 sapienter
614 2272 826 2327 caruisse3
856 2272 890 2315 si
909 2272 1127 2327 amiserit,
1152 2270 1378 2315 moderate
1396 2270 1558 2314 tulisse.

184 2351 376 2406 Deinde,
408 2351 515 2411 quid
541 2353 759 2413 sapienter
785 2353 841 2405 is,
876 2369 1006 2412 quem
1038 2352 1208 2409 laudet,
1245 2351 1350 2412 quid
1379 2351 1562 2395 liberali-

187 2442 268 2490 ter,
297 2433 405 2493 quid
428 2432 613 2490 fortiter,
639 2434 745 2494 quid
764 2435 903 2494 juste,
930 2434 1037 2493 quid
1062 2434 1316 2495 magnifice,
1342 2433 1447 2493 quid
1467 2434 1562 2493 pie,

187 2513 294 2573 quid
317 2523 459 2575 grate,
491 2513 597 2573 quid
627 2515 893 2570 humaniter,
929 2514 1033 2574 quid
1067 2514 1258 2575 denique
1288 2531 1388 2558 cum
1418 2513 1563 2573 aliqua

189 2595 351 2638 virtute
374 2604 450 2639 aut
475 2594 645 2650 fecerit,
673 2605 748 2639 aut
777 2595 937 2639 tulerit.
978 2598 1100 2654 Haec,
1143 2607 1186 2640 et
1220 2613 1315 2656 quae
1351 2596 1438 2638 sint
1469 2595 1563 2655 ejus

1315 2693 1353 2731 7.
