1843 3166
766 199 769 204 ·
793 186 934 220 LIBER
965 187 1010 220 Π.
1506 187 1566 226 121

217 268 450 329 adjungas3
474 279 632 329 puncta
652 279 1006 328 argumentorum
1027 268 1279 329 plerumque
1309 278 1353 311 ut
1369 267 1540 312 occulas
1561 303 1571 323 ,

217 365 269 391 ne
285 350 382 408 quis
405 365 451 393 ea
479 365 704 392 munerare
730 349 889 408 possit,
918 358 963 391 ut
991 365 1036 392 re
1058 347 1399 408 distinguantur,
1428 348 1571 391 verbis

217 428 394 472 confusa
415 444 505 472 csse
532 427 774 471 videantur.

278 510 412 551 XLII.
448 511 546 552 Haec
569 517 616 551 ut
637 518 679 551 et
702 524 960 568 properans,
987 518 1029 552 et
1051 507 1166 568 apud
1190 507 1357 561 doctos,
1388 517 1430 550 et
1452 507 1573 550 semi-

215 587 368 631 doctus
398 589 487 648 ipse
517 604 747 648 percurro,
788 597 837 630 ut
868 587 1101 647 aliquando
1126 587 1178 631 ad
1211 587 1281 631 illa
1316 588 1478 647 majora
1503 603 1573 630 ve-

217 668 397 711 niamus.
418 666 536 711 Nihil
552 678 616 712 est
642 669 756 711 enim
779 669 822 711 in
839 667 1039 723 dicendo,
1063 666 1242 718 Catule,
1263 668 1421 727 majus,
1444 683 1572 726 quam

218 756 264 790 ut
285 746 425 790 faveat
445 749 607 790 oratori
624 748 678 803 is,
701 749 775 808 qui
798 747 966 802 audiet,
990 757 1122 807 utque
1146 748 1236 807 ipse
1254 748 1314 790 sic
1332 756 1570 796 moveatur,

217 836 264 870 ut
289 828 452 888 impetu
476 828 664 887 quodam
692 828 825 870 animi
853 837 894 871 et
916 827 1239 887 perturbatione
1260 828 1396 888 magis
1411 861 1422 882 ,
1445 843 1571 887 quam

212 908 398 967 judicio,
426 918 500 951 aut
515 907 716 964 consilio,
743 917 928 968 regatur.
948 906 1077 951 Plura
1093 908 1206 951 enim
1222 907 1359 951 multo
1377 908 1572 950 homines

210 988 407 1046 judicant
429 988 550 1043 odio,
574 998 647 1032 aut
671 1004 840 1041 amore,
861 998 934 1031 aut
951 987 1205 1048 cupiditate,
1234 997 1305 1030 aut
1322 987 1541 1030 iracundia
1558 1021 1568 1040 ‚

217 1078 292 1111 aut
318 1067 488 1123 dolore,
517 1078 592 1111 aut
613 1067 779 1122 laetitia,
803 1078 877 1110 aut
897 1084 993 1127 spe,
1017 1077 1092 1110 aut
1106 1068 1282 1121 timore,
1305 1077 1380 1110 aut
1403 1083 1546 1110 errore
1561 1102 1571 1120 ,

215 1158 288 1191 aut
310 1147 452 1208 aliqua
476 1148 745 1209 permotione
770 1148 951 1202 mentis,
980 1164 1109 1206 quam
1136 1148 1340 1201 veritato,
1365 1157 1439 1190 aut
1463 1164 1571 1207 prae-

215 1229 395 1288 scripto,
418 1238 492 1271 aut
511 1228 622 1287 juris
647 1244 800 1271 norma
820 1227 983 1287 aliqua,
1008 1227 1249 1287 autjudicii
1274 1226 1478 1282 formula,
1499 1238 1572 1270 aut

217 1307 393 1369 legibus.
412 1310 582 1365 Quare,
607 1308 687 1351 nisi
706 1307 811 1367 quid
834 1308 954 1350 vobis
978 1306 1096 1350 aliud
1119 1305 1279 1366 placet,
1308 1305 1361 1349 ad
1384 1305 1457 1350 illa
1471 1323 1569 1367 per-

218 1405 379 1448 gamus.

277 1466 551 1512 —Paullum
564 1504 574 1522 ,
592 1470 731 1529 inquit
748 1468 944 1525 Catulus,
964 1471 1093 1513 etiam
1108 1484 1224 1512 nunc
1242 1467 1386 1512 deesse
1406 1466 1574 1511 videtur

214 1548 265 1592 iis
296 1548 443 1604 rebus,
483 1550 674 1602 Antoni,
710 1566 816 1608 quas
852 1550 1109 1610 exposuisti,
1139 1548 1257 1608 quod
1289 1549 1343 1591 sit
1366 1548 1443 1591 tibi
1470 1557 1569 1590 ante

215 1626 540 1689 explicandum,
573 1645 704 1688 quam
739 1628 841 1672 illuc
868 1628 1162 1688 proficiscare,
1187 1644 1274 1687 quo
1303 1637 1344 1670 te
1375 1627 1480 1670 dicis
1507 1628 1573 1669 in-

216 1707 406 1751 tendere.
426 1736 488 1741 —
507 1707 763 1765 Quidnam?
788 1709 942 1768 inquit⁸
964 1735 1027 1740 —--
1044 1708 1134 1764 Qui
1156 1707 1264 1751 ordo
1282 1708 1359 1750 tibi
1380 1706 1546 1767 placeat
1563 1740 1573 1761 ,

217 1789 360 1848 inquit
373 1787 553 1833 Catulus
566 1823 577 1843 ,
598 1799 640 1832 et
659 1805 752 1848 quae
770 1788 993 1848 dispositio
1013 1797 1370 1849 argumentorum
1385 1821 1396 1842 ,
1421 1787 1464 1829 in
1490 1802 1575 1845 qua

216 1877 264 1911 tu
293 1869 399 1911 mihi
427 1885 596 1930 semper
622 1868 726 1912 deus
747 1867 882 1911 videri
913 1867 1035 1912 soles.

279 1948 463 1992 ——vide
476 1965 604 2009 quam
620 1949 700 1992 sim
719 1950 762 1991 in
779 1949 860 1991 isto
875 1965 1051 2008 genere,
1071 1949 1230 2008 inquit,
1248 1946 1401 1992 Catule
1417 1981 1428 2003 ,
1445 1947 1572 1990 deus:

215 2046 302 2072 non
318 2028 560 2073 mehercule
574 2029 705 2084 mihi,
726 2029 807 2071 nisi
824 2028 1072 2084 admonito,
1099 2029 1284 2071 venisset
1302 2028 1346 2070 in
1359 2037 1546 2071 mentem
1566 2044 1573 2069 :

219 2119 265 2152 ut
286 2109 422 2169 possis
447 2109 717 2166 existimare,
748 2125 816 2152 me
841 2110 884 2152 in
911 2125 982 2165 ea,
1008 2109 1053 2151 in
1077 2109 1236 2168 quibus
1257 2124 1570 2168 nonnunquam

217 2189 381 2250 aliquid
406 2189 572 2233 efficere
598 2190 759 2245 videor,
788 2207 869 2234 usu
900 2189 1036 2233 solere
1068 2191 1113 2233 in
1139 2190 1342 2245 dicendo,
1371 2189 1437 2234 vel
1475 2206 1574 2233 casu

216 2271 359 2331 potius
377 2270 612 2313 incurrere.
629 2273 690 2315 Ac
705 2287 772 2314 res
788 2269 961 2330 quidem
976 2271 1077 2326 ista,
1098 2286 1228 2330 quam
1245 2287 1347 2331 ego,
1373 2270 1474 2329 quia
1487 2287 1575 2314 non

215 2366 388 2404 noram,
415 2349 500 2404 sic,
529 2358 736 2409 tanquam
768 2350 964 2411 ignotum
998 2349 1244 2405 hominem,
1275 2351 1548 2410 praeteribam
1566 2385 1577 2404 ‚

215 2439 383 2474 tantum
407 2437 547 2490 potest
572 2429 615 2471 in
648 2429 854 2485 dicendo,
878 2439 926 2473 ut
952 2428 1007 2473 ad
1036 2430 1296 2474 vincendum
1328 2429 1446 2475 nulla
1478 2430 1574 2491 plus

216 2511 364 2571 possit.

280 2588 363 2633 Sed
384 2599 525 2634 tamen
542 2590 645 2633 mihi
667 2589 822 2633 videris
843 2599 942 2633 ante
961 2599 1131 2651 tempus
1151 2607 1256 2635 ame
1271 2592 1480 2634 rationem
1502 2605 1574 2632 or-
