1843 3166
662 194 801 228 LIBER
829 195 894 228 III.
1385 205 1402 227 2
1411 205 1424 229 1
1433 207 1455 241 9

120 276 255 333 teriit;
270 276 533 320 domicilium
548 285 714 318 tantum
731 277 773 318 in
787 274 858 318 illa
875 274 977 317 urbe
993 284 1182 318 remanet
1197 275 1454 327 studiorum,

119 357 273 416 quibus
298 365 452 400 vacant
471 355 604 408 cives,
629 354 843 413 peregrini
869 353 1085 409 fruuntur,
1111 355 1223 413 capti
1249 354 1455 413 quodam-

120 435 249 478 modo
276 435 449 478 nomine
470 433 587 477 urbis
609 442 649 476 et
671 433 925 476 auctoritate
950 449 959 474 :
980 442 1122 475 tamen
1150 432 1456 475 eruditissimos

119 515 313 558 homines
335 512 541 557 Asiaticos
561 512 698 572 quivis
718 511 990 555 Atheniensis
1010 510 1230 567 indoctus,
1254 527 1341 553 non
1365 527 1458 554 ver-

119 593 208 650 bis,
241 592 312 636 sed
334 608 440 635 sono
468 592 611 646 vocis,
645 608 723 634 nec
756 600 841 634 tam
867 590 994 646 bene,
1027 607 1154 651 quam
1182 591 1369 634 suaviter
1394 589 1457 633 lo-

119 672 308 732 quendo,
334 670 455 715 facile
481 672 709 732 superabit.
742 672 891 715 Nostri
915 672 1056 715 minus
1087 670 1260 715 student
1288 669 1459 725 litteris,

119 768 248 812 quam
281 752 424 795 Latini
451 769 459 795 :
486 761 626 795 tamen
661 768 712 794 ex
735 752 848 808 istis,
873 768 980 810 quos
1007 752 1159 807 nostis,
1185 750 1380 807 urbanis,
1414 751 1457 792 in

119 831 273 890 quibus
292 831 518 874 minimum
536 841 599 874 est
622 830 882 887 litterarum,
907 847 1032 874 nemo
1053 840 1137 885 est,
1160 831 1264 890 quin
1290 829 1455 873 littera-

120 909 329 952 tissimum
368 919 611 970 togatorum
648 910 862 966 omnium,
893 910 949 965 Q.
970 907 1193 952 Valerium
1226 910 1459 963 Soranum,

119 987 296 1032 lenitate
310 989 427 1032 'vocis
445 998 571 1049 atque
593 989 683 1049 ipso
701 989 787 1032 oris
806 1005 953 1048 pressu
974 998 1016 1031 et
1038 1005 1142 1031 sono
1162 986 1284 1031 facile
1304 989 1458 1031 vincat.

181 1070 278 1112 XII.
303 1070 448 1125 Quare
475 1084 608 1128 quum
638 1068 691 1111 sit
723 1067 915 1127 quaedam
942 1078 1057 1111 certa
1084 1084 1166 1110 vox
1194 1068 1362 1110 romani
1388 1083 1459 1127 ge-

120 1149 234 1191 neris
266 1148 469 1208 urbisque
495 1148 687 1208 propria,
716 1149 759 1191 in
786 1164 870 1207 qua
903 1146 1010 1191 nihil
1039 1146 1218 1203 offendi,
1243 1146 1349 1190 nihil
1380 1146 1462 1189 dis-

125 1226 304 1288 plicere,
329 1226 437 1270 nihil
462 1226 746 1271 animadverti
764 1228 920 1287 possit,
945 1226 1050 1270 nihil
1077 1243 1230 1270 sonare
1253 1236 1327 1270 aut
1346 1225 1462 1269 olere

119 1307 416 1368 peregrinum3
454 1306 564 1350 hanc
596 1322 862 1366 sequamur:
906 1322 1046 1365 neque
1082 1305 1220 1349 solum
1255 1306 1456 1349 rusticam

120 1387 410 1446 asperitatem,
443 1385 517 1429 sed
550 1386 679 1429 etiam
711 1386 981 1446 peregrinam
1013 1385 1284 1442 insolentiam
1314 1385 1461 1445 fugere

118 1465 341 1510 discamus.

178 1545 388 1605 Equidem
408 1562 542 1606 quum
564 1545 693 1590 audio
715 1562 887 1590 socrum
907 1561 1045 1588 meam
1069 1544 1245 1588 Laeliam
1263 1542 1458 1605 (facilius

118 1625 230 1668 enim
266 1623 464 1668 mulieres
502 1626 794 1684 incorruptam
836 1624 1137 1683 antiquitatem
1178 1633 1459 1679 conservant,

118 1703 234 1764 quod
267 1703 504 1747 multorum
529 1704 736 1748 sermonis
771 1712 984 1763 expertes,
1012 1719 1062 1747 ea
1098 1713 1245 1747 tenent
1273 1718 1460 1763 semper,

119 1799 213 1842 quae
240 1783 378 1843 prima
407 1782 693 1843 didicerunt);
724 1781 798 1826 sed
819 1799 912 1826 eam
930 1783 989 1826 sic
1009 1782 1157 1838 audio,
1187 1792 1235 1825 ut
1259 1781 1459 1826 Plautum

118 1863 243 1918 mihi,
278 1872 351 1906 aut
378 1863 574 1907 Naevium
609 1862 756 1906 videar
784 1863 953 1919 audire3
990 1879 1095 1906 sono
1129 1863 1222 1921 ipso
1258 1861 1374 1905 vocis
1402 1862 1459 1904 ita

119 1951 235 1985 recto
261 1952 304 1985 et
330 1941 513 2002 simplici
538 1952 621 1997 est,
644 1952 691 1985 ut
715 1941 821 1985 nihil
847 1942 1141 1986 ostentationis
1165 1951 1239 1985 aut
1260 1942 1460 1984 imitatio-

118 2022 183 2064 nis
212 2021 363 2065 afferre
392 2022 617 2066 videatur:
643 2039 692 2066 ex
719 2039 805 2082 quo
833 2023 894 2066 sic
923 2022 1114 2066 locutum
1147 2038 1236 2066 esse
1260 2022 1349 2081 ejus
1382 2037 1459 2081 pa-

119 2109 228 2144 trem
244 2101 410 2160 judico,
428 2103 488 2146 sic
504 2103 709 2162 majore83
727 2119 813 2146 non
836 2119 1006 2163 aspere,
1027 2113 1075 2146 ut
1089 2101 1178 2158 ille,
1201 2118 1332 2162 quem
1347 2101 1458 2150 dixi,

120 2195 208 2222 non
227 2189 367 2236 vaste,
388 2196 475 2224 non
498 2182 674 2239 rustice,
698 2198 785 2225 non
800 2180 968 2238 hiulce,
988 2181 1060 2226 sed
1074 2197 1237 2242 presse,
1262 2191 1303 2225 et
1324 2197 1460 2241 aequa-

120 2257 279 2314 biliter,
300 2268 341 2301 et
366 2258 529 2303 leniter.

182 2338 328 2395 Quare
360 2340 485 2382 Cotta
513 2349 672 2396 noster,
701 2340 822 2399 cujus
848 2348 896 2383 tu
922 2339 994 2384 illa
1017 2340 1120 2397 lata,
1144 2340 1329 2401 Sulpici,
1354 2356 1462 2383 non-

126 2433 344 2476 nunquam
370 2418 570 2474 imitaris,
599 2428 646 2462 ut
671 2419 759 2462 iota
782 2417 968 2462 litteram
994 2418 1138 2476 tollas,
1166 2430 1209 2464 et
1241 2422 1276 2463 E
1302 2418 1461 2479 plenis-

123 2496 277 2539 simum
305 2496 441 2551 dicas,
469 2513 556 2540 non
580 2498 685 2541 mihi
710 2507 899 2542 oratores
922 2499 1142 2559 antiquos,
1165 2499 1238 2543 sed
1251 2513 1458 2542 messores

126 2574 293 2619 videtur
309 2577 480 2620 imitari.
496 2605 556 2610 —
569 2577 650 2620 Hic
667 2593 799 2637 quum
818 2578 1028 2622 arrisisset
1041 2580 1132 2640 ipse
1146 2578 1378 2638 Sulpicius,
1402 2578 1462 2620 sic
