1843 3166
373 254 416 288 536
884 258 944 290 1)1““,
974 259 1036 290 On
1058 258 1172 290 ΧἸ’()1ῐ
1187 258 1209 289 Ι·“,

371 337 460 378 foro
490 354 573 381 nou
604 339 736 379 bonos
765 351 973 395 oratori-s,
1001 342 1097 382 itcui
1127 344 1165 381 in
1196 341 1362 382 tiu-atro
1390 349 1551 380 artures
1584 336 1721 379 malos·

372 419 548 476 perpeti.

434 498 507 541 Est
547 499 676 557 igitur
712 501 871 541 oratori
908 498 1137 559 diligenter
1172 499 1507 558 providendum,
1540 513 1624 539 uon
1658 497 1718 538 uti

372 575 454 619 illis
473 578 724 627 satisfaciat,
742 579 899 637 quibus
919 595 1090 621 neccsse
1110 589 1170 621 cst
1194 596 1201 620 τ
1229 579 1301 621 sed
1323 589 1362 620 ut
1389 579 1436 620 iis
1456 575 1720 620 admirabilis

372 674 461 699 esse
488 657 704 705 videatur,
727 659 884 717 quibus
910 657 1041 701 iibere
1066 659 1186 700 liccat
1208 658 1415 717 judicare.
1444 661 1526 712 Ac,
1551 657 1584 699 si
1609 672 1724 714 qum-

374 738 485 791 ritis,
530 737 674 796 plane,
719 738 819 796 quid
863 739 1064 792 seutiam,
1100 739 1334 780 enuntiabo
1375 737 1490 795 apud
1528 736 1722 779 homines

374 816 746 869 familiarissimos,
768 817 882 875 quod
912 817 1052 860 adhuc
1077 834 1246 876 semper
1275 817 1408 871 tacui,
1431 826 1468 857 et
1499 815 1727 858 tacendum

377 897 537 953 putavi.
577 897 686 938 Mihi
721 897 871 946 ctiam,
905 897 1064 955 quique,
1099 897 1261 955 optime
1295 896 1465 950 dicunt,
1494 895 1656 953 quique
1688 892 1727 935 id

377 974 577 1017 facillime
607 984 736 1033 atquc
766 976 1037 1018 ornatissimo
1064 976 1203 1018 facere
1229 984 1429 1034 possunt,
1455 983 1622 1027 tamen,
1653 973 1734 1014 nisi

379 1054 526 1097 timide
547 1055 599 1097 ad
624 1055 856 1098 (licendum
878 1056 1109 1111 accedunt,
1131 1066 1170 1098 ct
1193 1057 1232 1097 in
1253 1055 1517 1098 exordienda
1536 1054 1733 1096 oratione

379 1135 708 1194 perturbantur,
746 1152 863 1194 paenc
898 1135 1170 1194 impudentes
1203 1136 1406 1178 videntur
1441 1152 1449 1177 ε
1489 1135 1655 1177 tametsi
1694 1132 1734 1175 id

377 1213 571 1257 accidere
592 1230 677 1255 non
706 1223 860 1273 potest.

443 1296 503 1336 Ut
533 1294 648 1335 enim
678 1294 861 1352 quisque
896 1294 1061 1353 optimc
1091 1293 1217 1344 (licit,
1250 1294 1307 1335 ita
1345 1294 1531 1336 maxime
1567 1291 1734 1335 dicendi

382 1372 702 1427 difficultatem,
734 1373 960 1432 variosque
989 1382 1168 1415 eventus
1196 1374 1427 1424 orationis,
1455 1371 1742 1431 exspectatio-

385 1469 569 1512 nemque
603 1453 830 1496 hominum
872 1454 1152 1512 pertimescit.
1185 1453 1275 1508 Qui
1307 1469 1408 1495 vero
1449 1451 1559 1494 nihil
1602 1460 1745 1511 potest

384 1532 563 1591 (lignum
591 1548 656 1585 re,
677 1532 856 1592 dignum
889 1534 1063 1575 nominc
1088 1533 1294 1586 oratoris,
1310 1532 1492 1592 (liguum
1516 1531 1744 1574 hominum

384 1612 561 1655 auribus
580 1612 751 1655 efficere
774 1622 902 1671 atquc
924 1612 1073 1667 edere,
1100 1614 1132 1655 is
1159 1613 1284 1664 mihi,
1307 1613 1474 1655 etiamsi
1496 1627 1746 1653 commove-

388 1702 456 1734 tur
489 1693 531 1733 in
564 1692 773 1744 dicendo,
814 1702 959 1735 tamen
998 1692 1228 1752 impudens
1264 1692 1449 1734 videtur.
1491 1693 1593 1736 Non
1633 1691 1748 1733 enim

387 1771 608 1831 pudendo,
639 1772 713 1814 sed
741 1788 828 1814 non
858 1771 1054 1815 faciendo
1080 1771 1143 1825 id,
1174 1771 1292 1830 quod
1324 1787 1411 1815 non
1437 1771 1579 1826 decet,
1608 1772 1748 1830 impu-

387 1849 542 1894 dentiae
562 1868 720 1894 nomen
741 1852 933 1912 effugere
957 1852 1179 1895 debemus.

451 1932 595 1987 Quem
622 1948 725 1975 vero
754 1949 840 1975 non
869 1932 1003 1991 pudet
1033 1932 1095 1992 (id
1121 1931 1236 1992 quod
1263 1932 1306 1974 in
1333 1931 1550 1992 plerisque
1580 1930 1752 1993 video),

388 2010 506 2053 hunc
540 2027 621 2071 ego
658 2028 745 2054 non
783 2011 1123 2071 reprehensione
1160 2010 1325 2067 solum,
1352 2011 1427 2054 sed
1458 2012 1589 2053 etiam
1628 2026 1752 2069 poena

388 2090 569 2150 (lignum
592 2100 713 2150 puto.
732 2091 946 2150 Equidem
972 2100 1014 2134 ct
1039 2092 1082 2133 in
1108 2092 1228 2134 vohis
1251 2090 1598 2134 animadvertere
1618 2088 1753 2143 soleo,

388 2180 429 2213 et
470 2171 513 2212 in
551 2186 620 2213 me
658 2172 752 2229 ipso
790 2172 1022 2230 saepissimc
1062 2172 1281 2231 experior,
1318 2181 1366 2214 ut
1405 2170 1676 2214 exalbescam
1711 2171 1754 2212 in

391 2249 615 2309 principiis
646 2250 837 2304 dicendi,
862 2261 904 2294 et
933 2260 1022 2294 tota
1053 2262 1219 2307 mente,
1246 2261 1376 2311 atquc
1401 2252 1602 2295 omnibus
1631 2260 1752 2295 artu-

389 2328 470 2372 bus
492 2332 839 2374 contremiscam.
868 2330 1229 2375 Adolesceutulus
1258 2348 1360 2375 vcro
1390 2332 1451 2374 sic
1476 2331 1602 2374 initio
1628 2347 1757 2374 accu-

391 2409 568 2452 sationis
603 2411 873 2453 exanimatus
903 2427 1023 2466 sum,
1055 2419 1102 2453 ut
1130 2411 1213 2454 hoc
1247 2427 1463 2454 summum
1496 2410 1757 2454 beneficium

391 2488 446 2543 Q.
484 2489 677 2532 Maximo
717 2490 972 2547 debuerim,
1014 2491 1131 2550 quod
1175 2492 1384 2534 continuo
1423 2489 1651 2534 consilium
1693 2489 1759 2532 di-

393 2567 579 2623 miserit,
613 2569 740 2612 simul
769 2587 818 2613 ac
846 2588 914 2614 me
939 2571 1125 2615 fractum
1155 2587 1204 2614 ac
1233 2569 1505 2613 debilitatum
1544 2578 1662 2611 metu
1694 2568 1759 2610 vi-

394 2646 516 2689 derit.
