1843 3166
277 194 348 242 296
777 190 842 224 DE
872 188 1113 224 ORATORE.

274 274 318 314 Q.
357 268 519 304 Varium.
534 284 547 297 υ
573 266 681 313 Lapsi
720 273 805 301 sunt
842 267 974 300 iterum
1010 263 1178 311 plerique
1216 261 1353 296 librarii
1383 268 1419 296 et
1450 261 1628 305 editores;

277 332 375 365 MSS.
414 337 533 364 tamen
566 329 668 363 Bodl.
702 328 801 362 Harl.
838 339 858 362 2
896 334 931 362 et
966 325 1155 361 Manutius
1184 336 1308 359 veram
1340 323 1535 358 lectionem
1564 335 1627 357 re—

275 393 411 434 tinent;
437 392 560 425 delent
579 390 673 425 enim
696 402 824 424 vocem
845 402 982 431 meum,
1005 400 1086 434 quae
1105 388 1218 434 vulgo
1239 385 1371 432 legitur
1396 391 1482 431 post
1500 396 1631 431 oequa-

274 456 365 494 lem,
393 460 429 488 et
453 454 534 487 Car.
554 451 762 498 Stephanus
787 458 941 485 testatur
968 462 1097 484 vocem
1123 461 1242 482 meum
1268 460 1288 481 a
1314 445 1538 493 quibusdam
1563 458 1632 480 ve-

274 514 411 549 teribus
440 513 542 548 libris
570 513 706 547 abesse.
732 513 865 547 Veram
891 519 1012 546 autem
1041 511 1135 545 hanc
1167 509 1361 544 lectionem
1396 519 1512 550 voco3
1546 506 1633 553 quia

274 578 318 620 Q.
341 575 493 618 Varius,
515 586 589 607 non
608 573 678 608 fuit
698 573 845 620 aequalis
866 572 1005 617 Crassi,
1025 571 1088 606 sed
1114 572 1229 605 Cottae
1255 576 1290 604 ct
1317 567 1486 614 Sulpicii,
1504 575 1546 602 ut
1564 580 1633 613 pa-

273 645 323 672 tet
343 649 387 671 cx
410 637 544 679 Bruto,
564 648 594 669 c.
615 647 707 669 xrix
729 648 763 669 :«
778 636 951 681 AEqualcs
972 632 1246 680 propemodum
1272 631 1423 664 fuerunt
1444 630 1481 664 C.
1504 630 1632 671 Cotta,

273 700 309 731 P.
330 695 534 741 Sulpicius,
564 699 607 738 Q.
631 695 781 737 Varius,
801 702 868 729 etc.
886 711 899 725 »
920 696 1036 729 Porro
1057 693 1084 728 si
1104 692 1292 737 rejiciatur
1311 703 1448 732 mcum,
1476 703 1551 725 non
1572 689 1632 723 in-

272 760 416 804 elegans
437 763 489 790 est
509 755 696 789 antithesis
716 767 723 788 :
744 756 892 789 Crassus
912 754 1008 788 enim
1029 753 1105 788 duo
1126 752 1292 797 exempla
1308 751 1470 797 profert:
1487 753 1526 787 C.
1548 753 1633 786 Coe-

272 819 379 860 lium,
403 817 580 863 aequalem
602 828 726 859 sunm,
746 821 782 849 ct
808 816 853 858 Q.
879 814 1052 856 Varium,
1074 814 1188 848 Cottae
1208 824 1249 846 ac
1269 811 1422 857 Sulpicii
1444 812 1633 858 aequalcm.

272 880 471 913 PEARcius.
494 898 544 903 —
567 876 695 911 Cicero
724 875 769 910 de
794 877 838 919 Q.
866 875 1000 919 Vario,
1026 874 1085 908 hic
1112 880 1215 909 vasto
1247 872 1419 916 homine,
1448 879 1483 906 et
1516 872 1636 915 foedo,

272 939 419 974 videtur
436 937 740 972 honorificentius
766 937 900 971 sentire
915 965 923 980 ,
949 936 987 970 in
1013 937 1128 970 Bruto
1143 961 1153 976 ,
1175 946 1286 981 quam
1300 934 1336 967 in
1367 934 1439 968 hoc
1464 933 1635 980 dialogo:

274 1018 287 1030 «
304 1000 469 1044 Acutior,
482 999 621 1045 inquit,
641 998 811 1033 Carbone
823 1000 867 1042 Q.
883 997 1155 1042 Varius,rebus
1165 995 1396 1030 inveniendis
1407 1022 1416 1039 ,
1436 1007 1503 1029 nec
1516 994 1638 1028 minus

273 1061 394 1096 verbis
419 1060 635 1106 expeditus3
672 1059 778 1093 sortis
803 1072 892 1093 vero
920 1066 1034 1102 actor,
1057 1066 1093 1093 et
1121 1058 1338 1101 vehemens,
1368 1064 1403 1091 ct
1424 1055 1545 1091 verbis
1570 1067 1638 1090 nec

272 1122 436 1165 humilis,
454 1133 522 1155 nec
542 1120 723 1165 abjectus,
744 1127 780 1154 et
801 1132 913 1166 quem
934 1120 1044 1167 plane
1070 1125 1258 1153 oratorem
1279 1117 1400 1152 dicere
1419 1117 1584 1151 auderes.

325 1184 411 1217 CAP.
432 1182 610 1217 XXXIV.
644 1180 681 1215 C.
712 1180 932 1223 Carbonem,
955 1187 1118 1214 nostrum
1144 1180 1248 1213 illum
1269 1179 1461 1212 inimicum.
1487 1179 1543 1212 De
1566 1178 1638 1211 hoc

274 1244 462 1287 Carbone,
497 1242 563 1289 qui
593 1242 714 1275 fuerat
747 1241 918 1275 tribunus
946 1240 1085 1287 plebis,
1113 1252 1143 1275 a.
1173 1241 1218 1276 U.
1249 1241 1289 1275 C.
1325 1239 1418 1284 622,
1442 1246 1478 1274 et
1510 1239 1639 1273 consul

274 1318 305 1340 a.
325 1303 419 1348 633,
445 1303 529 1338 vide
554 1302 592 1337 in
611 1303 746 1344 Bruto,
769 1315 916 1336 xxxvn.

330 1366 443 1398 Istam
464 1365 623 1396 locorum
642 1363 996 1409 simulacrorumque
1014 1362 1206 1395 rationem.
1228 1361 1411 1396 Memoria
1425 1360 1639 1404 artificialis,

276 1425 322 1459 de
350 1436 423 1470 qua
450 1422 700 1457 consulendus
722 1433 791 1465 111,
814 1433 857 1455 21
873 1450 883 1466 ,
903 1423 957 1455 ad
976 1422 1219 1463 Herennium,
1241 1422 1399 1456 maxime
1418 1422 1457 1456 in
1481 1435 1526 1457 eo
1545 1434 1639 1456 con-

276 1485 423 1527 tinetur,
447 1490 485 1517 ut
507 1483 605 1527 loca,
628 1489 662 1516 et
681 1482 857 1528 imagines
878 1481 1046 1527 quaedam
1075 1481 1196 1515 animo
1223 1481 1480 1526 informentur,
1506 1483 1640 1529 quibus

274 1546 376 1579 velut
403 1544 645 1589 imponantur
673 1549 708 1575 et
729 1542 930 1575 inhaereant
956 1554 1014 1584 ea,
1040 1554 1202 1587 quorum
1227 1543 1398 1577 volumus
1422 1542 1639 1577 meminisse.

273 1607 372 1639 Loca
398 1609 500 1645 sunt,
520 1602 625 1636 verbi
645 1601 780 1649 gratia,
808 1601 940 1635 domus
966 1600 1087 1646 aliqua
1101 1629 1109 1645 ,
1130 1601 1196 1635 ubi
1216 1602 1343 1645 limen,
1371 1602 1561 1647 cubicula,
1582 1603 1641 1637 fe-

274 1671 421 1707 nestrae,
446 1670 537 1705 etc.;
566 1661 742 1709 imagines
772 1674 779 1694 ε
805 1661 880 1695 aliae
901 1668 985 1695 sunt
1014 1661 1205 1695 hominum
1227 1668 1263 1695 et
1281 1662 1460 1706 ferarum3
1481 1662 1557 1697 aliae
1576 1675 1640 1697 re-

276 1738 358 1761 rum
382 1724 501 1758 anima
523 1730 559 1757 et
576 1730 683 1758 motu
711 1722 936 1766 carentium,
956 1729 998 1756 ut
1019 1722 1214 1766 arborum,
1234 1722 1417 1769 lapidum,
1440 1730 1507 1758 etc.
1522 1751 1532 1767 ,
1561 1737 1641 1771 quae

275 1784 472 1831 imagines,
498 1790 599 1818 certo
623 1783 719 1817 inter
739 1796 775 1818 se
796 1782 928 1817 ordine
948 1783 1152 1827 collocatae,
1172 1796 1230 1818 res
1244 1783 1330 1830 ipsis
1355 1783 1481 1818 affixas
1500 1784 1642 1819 facilius

278 1844 463 1879 exhibent.
484 1843 579 1878 Vide
598 1844 766 1887 FABmM,
796 1856 847 1887 11,
873 1855 906 1877 2.
928 1842 1197 1888 Quintilianus,
1220 1856 1270 1887 11,
1294 1856 1314 1878 a
1338 1845 1468 1879 Crasso
1495 1845 1639 1880 dissen-

279 1906 342 1952 tit,
362 1912 397 1940 et
409 1906 502 1939 hanc
517 1911 633 1938 artem
651 1911 767 1938 totam
788 1903 952 1949 deridet,
974 1910 1011 1937 ut
1034 1905 1223 1939 confusam
1244 1912 1278 1939 et
1302 1904 1494 1951 operosam
1513 1906 1641 1949 nimis;

280 1974 476 2013 censetque
500 1966 628 2012 potius
648 1965 918 2012 compositione
946 1972 981 1999 et
1004 1966 1185 2001 divisione
1202 1979 1344 2010 rerum,
1365 1962 1456 2013 quas
1481 1967 1641 2002 ediscere

278 2030 468 2072 volumus,
488 2028 668 2062 utendum
692 2039 775 2061 csse.
810 2026 849 2061 Si
875 2038 949 2072 qua
974 2038 1062 2060 vcro
1089 2027 1258 2061 doctrina
1288 2034 1340 2061 est
1363 2028 1534 2073 juvandae
1560 2040 1640 2063 me-

278 2090 421 2133 moriae,
442 2101 483 2123 ea
508 2096 585 2123 tota
606 2095 658 2122 est
678 2086 823 2122 artificii
843 2086 1040 2131 dialectici,
1061 2088 1100 2122 in
1126 2088 1267 2135 legibus
1286 2088 1486 2135 syllogismi
1507 2095 1541 2123 et
1559 2101 1641 2123 me-

280 2150 402 2193 thodi,
425 2149 742 2196 quemadmodum
764 2147 1011 2182 institutiones
1035 2149 1232 2183 dialecticae
1251 2149 1350 2184 Petri
1368 2149 1474 2183 Rami
1495 2149 1640 2196 planius

279 2211 453 2244 indicant.
486 2209 616 2244 AEtatis
641 2216 773 2243 nostrae
798 2209 968 2243 nonnulli
987 2210 1154 2244 homines
1179 2210 1268 2244 enisi
1288 2217 1373 2244 sunt
1398 2217 1439 2244 ut
1457 2211 1551 2245 hanc
1577 2223 1639 2245 ar-

279 2281 352 2308 tem
371 2286 390 2307 e
412 2273 599 2307 veteribus
621 2271 779 2305 tenebris
805 2272 851 2306 ad
877 2273 996 2307 lucem
1018 2273 1249 2308 reducerent.

332 2336 418 2369 Csp.
452 2334 605 2367 XXXV.
641 2332 759 2376 Quasi
789 2346 859 2379 per
892 2341 1137 2368 transennam.
1174 2336 1242 2368 Per
1270 2334 1449 2368 cancellos
1474 2333 1639 2369 fenestris

281 2393 490 2441 oppositos,
506 2392 601 2426 visui
621 2399 741 2426 tamen
759 2394 917 2438 pervios.
939 2395 1159 2441 Metaphora
1180 2394 1292 2429 ducta
1313 2401 1365 2428 est
1385 2406 1404 2428 a
1417 2394 1636 2429 mercatori—

281 2457 368 2498 bus,
391 2454 473 2500 qui,
500 2453 682 2487 mercibus
707 2454 896 2499 pretiosis,
919 2468 1010 2501 quas
1032 2468 1051 2490 a
1069 2455 1376 2502 praetereuntihus
1393 2455 1525 2489 volunt
1544 2467 1637 2489 con-

281 2515 447 2558 trectari,
470 2515 557 2549 tales
577 2515 755 2549 cancellos
778 2515 969 2561 objiciunt.
1002 2518 1152 2564 Itaque,
1178 2530 1245 2563 per
1277 2524 1510 2551 transennam
1538 2516 1637 2562 aspi—

282 2590 378 2620 cere,
401 2576 496 2610 idem
517 2582 588 2620 est,
610 2576 712 2621 quod
735 2589 800 2610 nec
820 2577 994 2624 propius,
1018 2574 1084 2613 nec
1105 2578 1286 2626 sigillatim
1314 2578 1457 2611 intueri.
1488 2578 1582 2611 LEM.
