<?xml version="1.0" encoding="UTF-8"?>
<!DOCTYPE html PUBLIC "-//W3C//DTD XHTML 1.0 Transitional//EN"
    "http://www.w3.org/TR/xhtml1/DTD/xhtml1-transitional.dtd">
<html xmlns="http://www.w3.org/1999/xhtml" xml:lang="en" lang="en">
 <head>
  <title>
</title>
<meta http-equiv="Content-Type" content="text/html;charset=utf-8" />
  <meta name='ocr-system' content='tesseract 3.04.00' />
  <meta name='ocr-capabilities' content='ocr_page ocr_carea ocr_par ocr_line ocrx_word'/>
</head>
<body>
  <div class='ocr_page' id='page_1' title='image "./deoratorelibritr00ciceuoft_0170.png"; bbox 0 0 1843 3166; ppageno 0'>
   <div class='ocr_carea' id='block_1_1' title="bbox 356 183 1197 221">
    <p class='ocr_par' dir='ltr' id='par_1_1' title="bbox 356 183 1197 221">
     <span class='ocr_line' id='line_1_1' title="bbox 356 183 1197 221; baseline 0 -2"><span class='ocrx_word' id='word_1_1' title='bbox 356 197 367 219; x_wconf 87' lang='lat'>1</span> <span class='ocrx_word' id='word_1_2' title='bbox 379 183 425 219; x_wconf 84' lang='lat'>58</span> <span class='ocrx_word' id='word_1_3' title='bbox 868 185 932 221; x_wconf 89' lang='lat' dir='ltr'>DE</span> <span class='ocrx_word' id='word_1_4' title='bbox 962 184 1197 221; x_wconf 88' lang='lat' dir='ltr'>ORATORE</span> 
     </span>
    </p>
   </div>
   <div class='ocr_carea' id='block_1_2' title="bbox 337 265 1712 2657">
    <p class='ocr_par' dir='ltr' id='par_1_2' title="bbox 338 265 1712 2015">
     <span class='ocr_line' id='line_1_2' title="bbox 350 265 1711 325; baseline -0.001 -14"><span class='ocrx_word' id='word_1_5' title='bbox 350 267 514 311; x_wconf 82' lang='lat' dir='ltr'>facetiis</span> <span class='ocrx_word' id='word_1_6' title='bbox 544 283 632 311; x_wconf 90' lang='lat' dir='ltr'>non</span> <span class='ocrx_word' id='word_1_7' title='bbox 665 269 807 311; x_wconf 88' lang='lat' dir='ltr'>minus</span> <span class='ocrx_word' id='word_1_8' title='bbox 845 267 1081 312; x_wconf 86' lang='lat' dir='ltr'>refutatum</span> <span class='ocrx_word' id='word_1_9' title='bbox 1106 284 1196 310; x_wconf 86' lang='lat' dir='ltr'>csse</span> <span class='ocrx_word' id='word_1_10' title='bbox 1229 268 1432 323; x_wconf 77' lang='lat' dir='ltr'>Brutum,</span> <span class='ocrx_word' id='word_1_11' title='bbox 1465 282 1596 325; x_wconf 88' lang='lat' dir='ltr'>quam</span> <span class='ocrx_word' id='word_1_12' title='bbox 1628 265 1711 310; x_wconf 91' lang='lat' dir='ltr'>illis</span> 
     </span>
     <span class='ocr_line' id='line_1_3' title="bbox 351 346 1708 409; baseline -0.001 -18"><span class='ocrx_word' id='word_1_13' title='bbox 351 348 590 408; x_wconf 84' lang='lat' dir='ltr'>tragoediis,</span> <span class='ocrx_word' id='word_1_14' title='bbox 616 365 723 408; x_wconf 85' lang='lat' dir='ltr'>quas</span> <span class='ocrx_word' id='word_1_15' title='bbox 756 349 842 409; x_wconf 81' lang='lat' dir='ltr'>egit</span> <span class='ocrx_word' id='word_1_16' title='bbox 866 347 1001 404; x_wconf 82' lang='lat' dir='ltr'>idem,</span> <span class='ocrx_word' id='word_1_17' title='bbox 1026 364 1160 408; x_wconf 90' lang='lat' dir='ltr'>quum</span> <span class='ocrx_word' id='word_1_18' title='bbox 1194 364 1292 391; x_wconf 86' lang='lat' dir='ltr'>casu</span> <span class='ocrx_word' id='word_1_19' title='bbox 1330 347 1372 389; x_wconf 89' lang='lat' dir='ltr'>in</span> <span class='ocrx_word' id='word_1_20' title='bbox 1407 346 1555 389; x_wconf 83' lang='lat' dir='ltr'>eadem</span> <span class='ocrx_word' id='word_1_21' title='bbox 1583 362 1708 390; x_wconf 89' lang='lat' dir='ltr'>causa</span> 
     </span>
     <span class='ocr_line' id='line_1_4' title="bbox 349 424 1712 486; baseline -0.002 -14"><span class='ocrx_word' id='word_1_22' title='bbox 349 428 502 472; x_wconf 87' lang='lat' dir='ltr'>funere</span> <span class='ocrx_word' id='word_1_23' title='bbox 529 428 758 472; x_wconf 80' lang='lat' dir='ltr'>efferretur</span> <span class='ocrx_word' id='word_1_24' title='bbox 780 445 888 472; x_wconf 88' lang='lat' dir='ltr'>anus</span> <span class='ocrx_word' id='word_1_25' title='bbox 911 426 1070 472; x_wconf 80' lang='lat' dir='ltr'>Junia?</span> <span class='ocrx_word' id='word_1_26' title='bbox 1089 430 1193 484; x_wconf 84' lang='lat' dir='ltr'>Pro,</span> <span class='ocrx_word' id='word_1_27' title='bbox 1215 427 1273 470; x_wconf 90' lang='lat' dir='ltr'>dii</span> <span class='ocrx_word' id='word_1_28' title='bbox 1304 424 1589 470; x_wconf 78' lang='lat' dir='ltr'>immortales!</span> <span class='ocrx_word' id='word_1_29' title='bbox 1618 443 1712 486; x_wconf 83' lang='lat' dir='ltr'>quae</span> 
     </span>
     <span class='ocr_line' id='line_1_5' title="bbox 350 506 1711 570; baseline -0.001 -19"><span class='ocrx_word' id='word_1_30' title='bbox 350 508 428 552; x_wconf 87' lang='lat' dir='ltr'>fuit</span> <span class='ocrx_word' id='word_1_31' title='bbox 442 507 514 551; x_wconf 84' lang='lat' dir='ltr'>illa</span> <span class='ocrx_word' id='word_1_32' title='bbox 526 543 537 562; x_wconf 90' lang='lat'>,</span> <span class='ocrx_word' id='word_1_33' title='bbox 552 518 712 568; x_wconf 86' lang='lat' dir='ltr'>quanta</span> <span class='ocrx_word' id='word_1_34' title='bbox 726 507 815 552; x_wconf 79' lang='lat' dir='ltr'>vis?</span> <span class='ocrx_word' id='word_1_35' title='bbox 829 526 961 570; x_wconf 87' lang='lat' dir='ltr'>quam</span> <span class='ocrx_word' id='word_1_36' title='bbox 976 507 1297 569; x_wconf 78' lang='lat' dir='ltr'>inexspectata?</span> <span class='ocrx_word' id='word_1_37' title='bbox 1311 524 1440 567; x_wconf 88' lang='lat' dir='ltr'>quam</span> <span class='ocrx_word' id='word_1_38' title='bbox 1458 506 1711 567; x_wconf 77' lang='lat' dir='ltr'>repentina?</span> 
     </span>
     <span class='ocr_line' id='line_1_6' title="bbox 349 588 1710 650; baseline -0.002 -19"><span class='ocrx_word' id='word_1_39' title='bbox 349 605 505 648; x_wconf 88' lang='lat' dir='ltr'>quum,</span> <span class='ocrx_word' id='word_1_40' title='bbox 534 588 740 649; x_wconf 86' lang='lat' dir='ltr'>conjectis</span> <span class='ocrx_word' id='word_1_41' title='bbox 763 588 918 645; x_wconf 85' lang='lat' dir='ltr'>oculis,</span> <span class='ocrx_word' id='word_1_42' title='bbox 956 598 1079 650; x_wconf 83' lang='lat' dir='ltr'>gestu</span> <span class='ocrx_word' id='word_1_43' title='bbox 1107 589 1225 632; x_wconf 92' lang='lat' dir='ltr'>omni</span> <span class='ocrx_word' id='word_1_44' title='bbox 1252 588 1517 640; x_wconf 75' lang='lat' dir='ltr'>imminenti,</span> <span class='ocrx_word' id='word_1_45' title='bbox 1540 603 1710 629; x_wconf 91' lang='lat' dir='ltr'>summa</span> 
     </span>
     <span class='ocr_line' id='line_1_7' title="bbox 348 666 1711 729; baseline -0.004 -16"><span class='ocrx_word' id='word_1_46' title='bbox 348 671 560 729; x_wconf 82' lang='lat' dir='ltr'>gravitate</span> <span class='ocrx_word' id='word_1_47' title='bbox 587 679 630 714; x_wconf 93' lang='lat' dir='ltr'>et</span> <span class='ocrx_word' id='word_1_48' title='bbox 655 668 876 714; x_wconf 85' lang='lat' dir='ltr'>celeritate</span> <span class='ocrx_word' id='word_1_49' title='bbox 906 671 1137 713; x_wconf 87' lang='lat' dir='ltr'>verborum</span> <span class='ocrx_word' id='word_1_50' title='bbox 1165 686 1173 712; x_wconf 93' lang='lat'><strong>:</strong></span> <span class='ocrx_word' id='word_1_51' title='bbox 1202 688 1222 710; x_wconf 85' lang='lat'>«</span> <span class='ocrx_word' id='word_1_52' title='bbox 1246 671 1398 724; x_wconf 80' lang='lat' dir='ltr'><strong>Brute,</strong></span> <span class='ocrx_word' id='word_1_53' title='bbox 1423 666 1527 726; x_wconf 88' lang='lat' dir='ltr'>quid</span> <span class='ocrx_word' id='word_1_54' title='bbox 1560 666 1711 710; x_wconf 79' lang='lat' dir='ltr'>sedes?</span> 
     </span>
     <span class='ocr_line' id='line_1_8' title="bbox 346 746 1708 812; baseline -0.004 -18"><span class='ocrx_word' id='word_1_55' title='bbox 346 769 366 790; x_wconf 91' lang='lat'>«</span> <span class='ocrx_word' id='word_1_56' title='bbox 386 750 492 810; x_wconf 91' lang='lat' dir='ltr'>quid</span> <span class='ocrx_word' id='word_1_57' title='bbox 515 749 632 794; x_wconf 89' lang='lat' dir='ltr'>illam</span> <span class='ocrx_word' id='word_1_58' title='bbox 657 768 787 795; x_wconf 84' lang='lat' dir='ltr'>anum</span> <span class='ocrx_word' id='word_1_59' title='bbox 808 751 921 812; x_wconf 87' lang='lat' dir='ltr'>patri</span> <span class='ocrx_word' id='word_1_60' title='bbox 949 751 1151 794; x_wconf 84' lang='lat' dir='ltr'>nuntiare</span> <span class='ocrx_word' id='word_1_61' title='bbox 1172 750 1234 792; x_wconf 90' lang='lat' dir='ltr'>vis</span> <span class='ocrx_word' id='word_1_62' title='bbox 1260 747 1361 791; x_wconf 76' lang='lat' dir='ltr'>tuo?</span> <span class='ocrx_word' id='word_1_63' title='bbox 1384 747 1489 807; x_wconf 85' lang='lat' dir='ltr'>quid</span> <span class='ocrx_word' id='word_1_64' title='bbox 1514 746 1596 790; x_wconf 90' lang='lat' dir='ltr'>illis</span> <span class='ocrx_word' id='word_1_65' title='bbox 1615 764 1708 790; x_wconf 83' lang='lat' dir='ltr'>om-</span> 
     </span>
     <span class='ocr_line' id='line_1_9' title="bbox 346 827 1709 893; baseline -0.002 -21"><span class='ocrx_word' id='word_1_66' title='bbox 346 852 366 872; x_wconf 83' lang='lat'>«</span> <span class='ocrx_word' id='word_1_67' title='bbox 386 833 536 888; x_wconf 88' lang='lat' dir='ltr'>nibus,</span> <span class='ocrx_word' id='word_1_68' title='bbox 565 848 751 892; x_wconf 89' lang='lat' dir='ltr'>quorum</span> <span class='ocrx_word' id='word_1_69' title='bbox 779 833 989 893; x_wconf 80' lang='lat' dir='ltr'>imagines</span> <span class='ocrx_word' id='word_1_70' title='bbox 1025 830 1124 873; x_wconf 90' lang='lat' dir='ltr'>duci</span> <span class='ocrx_word' id='word_1_71' title='bbox 1154 828 1303 872; x_wconf 81' lang='lat' dir='ltr'>vides?</span> <span class='ocrx_word' id='word_1_72' title='bbox 1335 827 1439 887; x_wconf 89' lang='lat' dir='ltr'>quid</span> <span class='ocrx_word' id='word_1_73' title='bbox 1470 827 1709 887; x_wconf 84' lang='lat' dir='ltr'>majoribus</span> 
     </span>
     <span class='ocr_line' id='line_1_10' title="bbox 346 907 1709 972; baseline -0.002 -19"><span class='ocrx_word' id='word_1_74' title='bbox 346 932 365 952; x_wconf 80' lang='lat' dir='ltr'>&lt;c</span> <span class='ocrx_word' id='word_1_75' title='bbox 385 910 501 955; x_wconf 80' lang='lat' dir='ltr'>tuis?</span> <span class='ocrx_word' id='word_1_76' title='bbox 521 911 626 972; x_wconf 91' lang='lat' dir='ltr'>quid</span> <span class='ocrx_word' id='word_1_77' title='bbox 643 914 691 955; x_wconf 86' lang='lat' dir='ltr'>L.</span> <span class='ocrx_word' id='word_1_78' title='bbox 713 914 868 964; x_wconf 85' lang='lat' dir='ltr'>Bruto,</span> <span class='ocrx_word' id='word_1_79' title='bbox 889 911 963 971; x_wconf 90' lang='lat' dir='ltr'>qui</span> <span class='ocrx_word' id='word_1_80' title='bbox 982 910 1101 953; x_wconf 90' lang='lat' dir='ltr'>hunc</span> <span class='ocrx_word' id='word_1_81' title='bbox 1120 907 1329 969; x_wconf 89' lang='lat' dir='ltr'>populum</span> <span class='ocrx_word' id='word_1_82' title='bbox 1343 907 1569 952; x_wconf 88' lang='lat' dir='ltr'>dominatu</span> <span class='ocrx_word' id='word_1_83' title='bbox 1590 908 1709 968; x_wconf 86' lang='lat' dir='ltr'>regio</span> 
     </span>
     <span class='ocr_line' id='line_1_11' title="bbox 345 986 1707 1049; baseline 0.001 -19"><span class='ocrx_word' id='word_1_84' title='bbox 345 1010 364 1030; x_wconf 69' lang='grc' dir='ltr'>(ι</span> <span class='ocrx_word' id='word_1_85' title='bbox 385 990 615 1034; x_wconf 82' lang='lat' dir='ltr'>liberavit?</span> <span class='ocrx_word' id='word_1_86' title='bbox 641 990 746 1049; x_wconf 92' lang='lat' dir='ltr'>quid</span> <span class='ocrx_word' id='word_1_87' title='bbox 761 1000 803 1033; x_wconf 91' lang='lat' dir='ltr'>te</span> <span class='ocrx_word' id='word_1_88' title='bbox 819 988 986 1033; x_wconf 80' lang='lat' dir='ltr'>facere?</span> <span class='ocrx_word' id='word_1_89' title='bbox 1006 989 1076 1032; x_wconf 91' lang='lat' dir='ltr'>cui</span> <span class='ocrx_word' id='word_1_90' title='bbox 1091 989 1172 1041; x_wconf 83' lang='lat' dir='ltr'>rei,</span> <span class='ocrx_word' id='word_1_91' title='bbox 1197 988 1266 1031; x_wconf 89' lang='lat' dir='ltr'>cui</span> <span class='ocrx_word' id='word_1_92' title='bbox 1285 986 1450 1047; x_wconf 78' lang='lat' dir='ltr'>gloriae,</span> <span class='ocrx_word' id='word_1_93' title='bbox 1469 987 1537 1030; x_wconf 91' lang='lat' dir='ltr'>cui</span> <span class='ocrx_word' id='word_1_94' title='bbox 1555 988 1707 1031; x_wconf 89' lang='lat' dir='ltr'>virtuti</span> 
     </span>
     <span class='ocr_line' id='line_1_12' title="bbox 343 1066 1709 1128; baseline -0.001 -18"><span class='ocrx_word' id='word_1_95' title='bbox 343 1089 364 1110; x_wconf 90' lang='lat'>«</span> <span class='ocrx_word' id='word_1_96' title='bbox 384 1069 589 1114; x_wconf 82' lang='lat' dir='ltr'>studere?</span> <span class='ocrx_word' id='word_1_97' title='bbox 606 1069 935 1112; x_wconf 84' lang='lat' dir='ltr'>Patrimonione</span> <span class='ocrx_word' id='word_1_98' title='bbox 955 1066 1181 1128; x_wconf 67' lang='lat' dir='ltr'>augendo?</span> <span class='ocrx_word' id='word_1_99' title='bbox 1202 1076 1244 1109; x_wconf 86' lang='lat' dir='ltr'>at</span> <span class='ocrx_word' id='word_1_100' title='bbox 1265 1066 1306 1109; x_wconf 84' lang='lat' dir='ltr'>id</span> <span class='ocrx_word' id='word_1_101' title='bbox 1322 1083 1408 1109; x_wconf 89' lang='lat' dir='ltr'>non</span> <span class='ocrx_word' id='word_1_102' title='bbox 1430 1075 1494 1109; x_wconf 91' lang='lat' dir='ltr'>est</span> <span class='ocrx_word' id='word_1_103' title='bbox 1513 1066 1709 1110; x_wconf 87' lang='lat' dir='ltr'>nobilita-</span> 
     </span>
     <span class='ocr_line' id='line_1_13' title="bbox 343 1146 1709 1208; baseline -0.003 -13"><span class='ocrx_word' id='word_1_104' title='bbox 343 1169 364 1190; x_wconf 89' lang='lat'>«</span> <span class='ocrx_word' id='word_1_105' title='bbox 384 1151 457 1207; x_wconf 87' lang='lat' dir='ltr'>tis;</span> <span class='ocrx_word' id='word_1_106' title='bbox 479 1149 554 1195; x_wconf 90' lang='lat' dir='ltr'>sed</span> <span class='ocrx_word' id='word_1_107' title='bbox 572 1150 639 1193; x_wconf 84' lang='lat' dir='ltr'>fac</span> <span class='ocrx_word' id='word_1_108' title='bbox 662 1165 777 1193; x_wconf 88' lang='lat' dir='ltr'>esse:</span> <span class='ocrx_word' id='word_1_109' title='bbox 801 1148 908 1192; x_wconf 84' lang='lat' dir='ltr'>nihil</span> <span class='ocrx_word' id='word_1_110' title='bbox 925 1157 1140 1208; x_wconf 78' lang='lat' dir='ltr'>superest3</span> <span class='ocrx_word' id='word_1_111' title='bbox 1163 1146 1364 1191; x_wconf 87' lang='lat' dir='ltr'>libidines</span> <span class='ocrx_word' id='word_1_112' title='bbox 1380 1156 1519 1190; x_wconf 80' lang='lat' dir='ltr'>totum</span> <span class='ocrx_word' id='word_1_113' title='bbox 1536 1147 1709 1208; x_wconf 88' lang='lat' dir='ltr'>dissipa-</span> 
     </span>
     <span class='ocr_line' id='line_1_14' title="bbox 343 1227 1707 1292; baseline -0.003 -18"><span class='ocrx_word' id='word_1_114' title='bbox 343 1252 363 1274; x_wconf 86' lang='lat'>«</span> <span class='ocrx_word' id='word_1_115' title='bbox 382 1241 555 1276; x_wconf 87' lang='lat' dir='ltr'>verunt.</span> <span class='ocrx_word' id='word_1_116' title='bbox 572 1232 640 1275; x_wconf 91' lang='lat' dir='ltr'>An</span> <span class='ocrx_word' id='word_1_117' title='bbox 651 1230 741 1292; x_wconf 87' lang='lat' dir='ltr'>juri</span> <span class='ocrx_word' id='word_1_118' title='bbox 755 1229 895 1273; x_wconf 80' lang='lat' dir='ltr'>civili?</span> <span class='ocrx_word' id='word_1_119' title='bbox 910 1239 973 1273; x_wconf 92' lang='lat' dir='ltr'>est</span> <span class='ocrx_word' id='word_1_120' title='bbox 985 1238 1238 1289; x_wconf 88' lang='lat' dir='ltr'>paternum;</span> <span class='ocrx_word' id='word_1_121' title='bbox 1254 1227 1328 1271; x_wconf 89' lang='lat' dir='ltr'>sed</span> <span class='ocrx_word' id='word_1_122' title='bbox 1343 1227 1478 1282; x_wconf 80' lang='lat' dir='ltr'>dicet,</span> <span class='ocrx_word' id='word_1_123' title='bbox 1494 1237 1557 1283; x_wconf 91' lang='lat' dir='ltr'>te,</span> <span class='ocrx_word' id='word_1_124' title='bbox 1574 1244 1707 1287; x_wconf 88' lang='lat' dir='ltr'>quum</span> 
     </span>
     <span class='ocr_line' id='line_1_15' title="bbox 342 1307 1706 1368; baseline -0.001 -16"><span class='ocrx_word' id='word_1_125' title='bbox 342 1330 362 1352; x_wconf 54' lang='grc' dir='ltr'>ς(</span> <span class='ocrx_word' id='word_1_126' title='bbox 382 1312 491 1355; x_wconf 83' lang='lat' dir='ltr'>aedes</span> <span class='ocrx_word' id='word_1_127' title='bbox 507 1310 739 1366; x_wconf 85' lang='lat' dir='ltr'>venderes,</span> <span class='ocrx_word' id='word_1_128' title='bbox 769 1326 822 1353; x_wconf 91' lang='lat' dir='ltr'>ne</span> <span class='ocrx_word' id='word_1_129' title='bbox 847 1310 891 1354; x_wconf 91' lang='lat' dir='ltr'>in</span> <span class='ocrx_word' id='word_1_130' title='bbox 915 1310 1023 1353; x_wconf 87' lang='lat' dir='ltr'>rutis</span> <span class='ocrx_word' id='word_1_131' title='bbox 1044 1308 1221 1368; x_wconf 87' lang='lat' dir='ltr'>quidem</span> <span class='ocrx_word' id='word_1_132' title='bbox 1243 1318 1284 1351; x_wconf 90' lang='lat' dir='ltr'>et</span> <span class='ocrx_word' id='word_1_133' title='bbox 1311 1309 1427 1352; x_wconf 77' lang='lat' dir='ltr'>caesis</span> <span class='ocrx_word' id='word_1_134' title='bbox 1451 1307 1606 1351; x_wconf 91' lang='lat' dir='ltr'>solium</span> <span class='ocrx_word' id='word_1_135' title='bbox 1630 1309 1706 1351; x_wconf 89' lang='lat' dir='ltr'>tibi</span> 
     </span>
     <span class='ocr_line' id='line_1_16' title="bbox 343 1387 1707 1452; baseline -0.001 -20"><span class='ocrx_word' id='word_1_136' title='bbox 343 1412 362 1432; x_wconf 77' lang='grc' dir='ltr'>α</span> <span class='ocrx_word' id='word_1_137' title='bbox 383 1401 612 1452; x_wconf 86' lang='lat' dir='ltr'>paternum</span> <span class='ocrx_word' id='word_1_138' title='bbox 627 1390 854 1450; x_wconf 82' lang='lat' dir='ltr'>recepisse.</span> <span class='ocrx_word' id='word_1_139' title='bbox 869 1391 936 1434; x_wconf 92' lang='lat' dir='ltr'>An</span> <span class='ocrx_word' id='word_1_140' title='bbox 948 1390 1011 1432; x_wconf 90' lang='lat' dir='ltr'>rei</span> <span class='ocrx_word' id='word_1_141' title='bbox 1025 1387 1315 1448; x_wconf 77' lang='lat' dir='ltr'>militari?qui</span> <span class='ocrx_word' id='word_1_142' title='bbox 1330 1404 1554 1447; x_wconf 87' lang='lat' dir='ltr'>nunquam</span> <span class='ocrx_word' id='word_1_143' title='bbox 1569 1397 1707 1431; x_wconf 87' lang='lat' dir='ltr'>castra</span> 
     </span>
     <span class='ocr_line' id='line_1_17' title="bbox 343 1467 1708 1530; baseline -0.001 -18"><span class='ocrx_word' id='word_1_144' title='bbox 343 1491 362 1512; x_wconf 86' lang='lat'>«</span> <span class='ocrx_word' id='word_1_145' title='bbox 384 1470 556 1515; x_wconf 87' lang='lat' dir='ltr'>videris.</span> <span class='ocrx_word' id='word_1_146' title='bbox 579 1473 647 1514; x_wconf 90' lang='lat' dir='ltr'>An</span> <span class='ocrx_word' id='word_1_147' title='bbox 668 1469 960 1530; x_wconf 81' lang='lat' dir='ltr'>eloquentiae?</span> <span class='ocrx_word' id='word_1_148' title='bbox 983 1486 1078 1529; x_wconf 82' lang='lat' dir='ltr'>quae</span> <span class='ocrx_word' id='word_1_149' title='bbox 1102 1467 1222 1512; x_wconf 89' lang='lat' dir='ltr'>nulla</span> <span class='ocrx_word' id='word_1_150' title='bbox 1249 1478 1312 1511; x_wconf 89' lang='lat' dir='ltr'>est</span> <span class='ocrx_word' id='word_1_151' title='bbox 1337 1469 1381 1511; x_wconf 89' lang='lat' dir='ltr'>in</span> <span class='ocrx_word' id='word_1_152' title='bbox 1410 1477 1475 1523; x_wconf 88' lang='lat' dir='ltr'>te;</span> <span class='ocrx_word' id='word_1_153' title='bbox 1500 1477 1560 1524; x_wconf 83' lang='lat' dir='ltr'>et,</span> <span class='ocrx_word' id='word_1_154' title='bbox 1581 1467 1708 1527; x_wconf 90' lang='lat' dir='ltr'>quid-</span> 
     </span>
     <span class='ocr_line' id='line_1_18' title="bbox 341 1548 1704 1612; baseline 0.003 -21"><span class='ocrx_word' id='word_1_155' title='bbox 341 1572 360 1591; x_wconf 85' lang='lat'>«</span> <span class='ocrx_word' id='word_1_156' title='bbox 381 1550 485 1612; x_wconf 90' lang='lat' dir='ltr'>quid</span> <span class='ocrx_word' id='word_1_157' title='bbox 510 1561 574 1594; x_wconf 91' lang='lat' dir='ltr'>est</span> <span class='ocrx_word' id='word_1_158' title='bbox 599 1551 717 1595; x_wconf 89' lang='lat' dir='ltr'>vocis</span> <span class='ocrx_word' id='word_1_159' title='bbox 744 1567 793 1593; x_wconf 90' lang='lat' dir='ltr'>ac</span> <span class='ocrx_word' id='word_1_160' title='bbox 822 1550 999 1610; x_wconf 74' lang='lat' dir='ltr'>linguae,</span> <span class='ocrx_word' id='word_1_161' title='bbox 1021 1566 1150 1592; x_wconf 90' lang='lat' dir='ltr'>omne</span> <span class='ocrx_word' id='word_1_162' title='bbox 1178 1550 1222 1592; x_wconf 91' lang='lat' dir='ltr'>in</span> <span class='ocrx_word' id='word_1_163' title='bbox 1247 1551 1378 1593; x_wconf 89' lang='lat' dir='ltr'>istum</span> <span class='ocrx_word' id='word_1_164' title='bbox 1406 1548 1704 1610; x_wconf 82' lang='lat' dir='ltr'>turpissimum</span> 
     </span>
     <span class='ocr_line' id='line_1_19' title="bbox 340 1628 1705 1692; baseline -0.001 -17"><span class='ocrx_word' id='word_1_165' title='bbox 340 1652 360 1671; x_wconf 87' lang='lat'>«</span> <span class='ocrx_word' id='word_1_166' title='bbox 382 1631 611 1676; x_wconf 76' lang='lat' dir='ltr'>calumniae</span> <span class='ocrx_word' id='word_1_167' title='bbox 636 1640 849 1692; x_wconf 85' lang='lat' dir='ltr'>quaestum</span> <span class='ocrx_word' id='word_1_168' title='bbox 871 1628 1108 1673; x_wconf 84' lang='lat' dir='ltr'>contulisti.</span> <span class='ocrx_word' id='word_1_169' title='bbox 1126 1632 1193 1675; x_wconf 90' lang='lat' dir='ltr'>Tu</span> <span class='ocrx_word' id='word_1_170' title='bbox 1215 1629 1356 1674; x_wconf 89' lang='lat' dir='ltr'>lucem</span> <span class='ocrx_word' id='word_1_171' title='bbox 1379 1630 1601 1690; x_wconf 81' lang='lat' dir='ltr'>adspicere</span> <span class='ocrx_word' id='word_1_172' title='bbox 1628 1647 1705 1674; x_wconf 89' lang='lat' dir='ltr'>au-</span> 
     </span>
     <span class='ocr_line' id='line_1_20' title="bbox 339 1709 1704 1768; baseline 0.001 -15"><span class='ocrx_word' id='word_1_173' title='bbox 339 1734 358 1753; x_wconf 85' lang='lat'>«</span> <span class='ocrx_word' id='word_1_174' title='bbox 379 1712 480 1757; x_wconf 83' lang='lat' dir='ltr'>des?</span> <span class='ocrx_word' id='word_1_175' title='bbox 505 1721 552 1757; x_wconf 84' lang='lat' dir='ltr'>tu</span> <span class='ocrx_word' id='word_1_176' title='bbox 565 1713 645 1756; x_wconf 89' lang='lat' dir='ltr'>hos</span> <span class='ocrx_word' id='word_1_177' title='bbox 666 1709 853 1756; x_wconf 79' lang='lat' dir='ltr'>intueri?</span> <span class='ocrx_word' id='word_1_178' title='bbox 875 1719 923 1754; x_wconf 87' lang='lat' dir='ltr'>tu</span> <span class='ocrx_word' id='word_1_179' title='bbox 943 1711 988 1753; x_wconf 93' lang='lat' dir='ltr'>in</span> <span class='ocrx_word' id='word_1_180' title='bbox 1008 1709 1122 1768; x_wconf 88' lang='lat' dir='ltr'>foro,</span> <span class='ocrx_word' id='word_1_181' title='bbox 1149 1720 1196 1755; x_wconf 85' lang='lat' dir='ltr'>tu</span> <span class='ocrx_word' id='word_1_182' title='bbox 1214 1712 1258 1754; x_wconf 92' lang='lat' dir='ltr'>in</span> <span class='ocrx_word' id='word_1_183' title='bbox 1276 1711 1403 1767; x_wconf 88' lang='lat' dir='ltr'>urbe,</span> <span class='ocrx_word' id='word_1_184' title='bbox 1425 1720 1472 1754; x_wconf 91' lang='lat' dir='ltr'>tu</span> <span class='ocrx_word' id='word_1_185' title='bbox 1488 1712 1531 1754; x_wconf 90' lang='lat' dir='ltr'>in</span> <span class='ocrx_word' id='word_1_186' title='bbox 1546 1711 1704 1755; x_wconf 89' lang='lat' dir='ltr'>civium</span> 
     </span>
     <span class='ocr_line' id='line_1_21' title="bbox 338 1790 1704 1855; baseline -0.003 -16"><span class='ocrx_word' id='word_1_187' title='bbox 338 1809 470 1839; x_wconf 85' lang='lat' dir='ltr'>«esse</span> <span class='ocrx_word' id='word_1_188' title='bbox 502 1791 767 1855; x_wconf 79' lang='lat' dir='ltr'>conspectu?</span> <span class='ocrx_word' id='word_1_189' title='bbox 788 1800 835 1837; x_wconf 81' lang='lat' dir='ltr'>tu</span> <span class='ocrx_word' id='word_1_190' title='bbox 864 1790 981 1836; x_wconf 85' lang='lat' dir='ltr'>illam</span> <span class='ocrx_word' id='word_1_191' title='bbox 1015 1801 1254 1849; x_wconf 88' lang='lat' dir='ltr'>mortuam,</span> <span class='ocrx_word' id='word_1_192' title='bbox 1283 1801 1330 1835; x_wconf 88' lang='lat' dir='ltr'>tu</span> <span class='ocrx_word' id='word_1_193' title='bbox 1358 1792 1567 1852; x_wconf 84' lang='lat' dir='ltr'>imagines</span> <span class='ocrx_word' id='word_1_194' title='bbox 1592 1792 1704 1852; x_wconf 89' lang='lat' dir='ltr'>ipsas</span> 
     </span>
     <span class='ocr_line' id='line_1_22' title="bbox 339 1871 1705 1936; baseline -0.002 -18"><span class='ocrx_word' id='word_1_195' title='bbox 339 1895 358 1915; x_wconf 77' lang='grc' dir='ltr'>ι(</span> <span class='ocrx_word' id='word_1_196' title='bbox 378 1892 465 1918; x_wconf 90' lang='lat' dir='ltr'>non</span> <span class='ocrx_word' id='word_1_197' title='bbox 485 1873 805 1936; x_wconf 75' lang='lat' dir='ltr'>perhorrescis?</span> <span class='ocrx_word' id='word_1_198' title='bbox 826 1873 984 1933; x_wconf 89' lang='lat' dir='ltr'>quibus</span> <span class='ocrx_word' id='word_1_199' title='bbox 1007 1889 1097 1916; x_wconf 91' lang='lat' dir='ltr'>non</span> <span class='ocrx_word' id='word_1_200' title='bbox 1119 1871 1249 1916; x_wconf 92' lang='lat' dir='ltr'>modo</span> <span class='ocrx_word' id='word_1_201' title='bbox 1281 1871 1521 1928; x_wconf 80' lang='lat' dir='ltr'>imitandis,</span> <span class='ocrx_word' id='word_1_202' title='bbox 1553 1872 1628 1916; x_wconf 89' lang='lat' dir='ltr'>sed</span> <span class='ocrx_word' id='word_1_203' title='bbox 1650 1889 1705 1916; x_wconf 90' lang='lat' dir='ltr'>ne</span> 
     </span>
     <span class='ocr_line' id='line_1_23' title="bbox 338 1951 1558 2015; baseline -0.004 -16"><span class='ocrx_word' id='word_1_204' title='bbox 338 1973 356 1994; x_wconf 88' lang='lat'>«</span> <span class='ocrx_word' id='word_1_205' title='bbox 379 1954 647 1999; x_wconf 88' lang='lat' dir='ltr'>collocandis</span> <span class='ocrx_word' id='word_1_206' title='bbox 676 1953 851 2015; x_wconf 90' lang='lat' dir='ltr'>quidem</span> <span class='ocrx_word' id='word_1_207' title='bbox 872 1953 950 1997; x_wconf 91' lang='lat' dir='ltr'>tibi</span> <span class='ocrx_word' id='word_1_208' title='bbox 970 1951 1109 1997; x_wconf 90' lang='lat' dir='ltr'>ullum</span> <span class='ocrx_word' id='word_1_209' title='bbox 1129 1951 1272 1996; x_wconf 90' lang='lat' dir='ltr'>locum</span> <span class='ocrx_word' id='word_1_210' title='bbox 1294 1951 1558 2011; x_wconf 80' lang='lat' dir='ltr'>reliquisti.»</span> 
     </span>
    </p>

    <p class='ocr_par' dir='ltr' id='par_1_3' title="bbox 337 2032 1703 2657">
     <span class='ocr_line' id='line_1_24' title="bbox 399 2032 1703 2095; baseline -0.002 -15"><span class='ocrx_word' id='word_1_211' title='bbox 399 2038 516 2081; x_wconf 86' lang='lat' dir='ltr'><strong>LVI.</strong></span> <span class='ocrx_word' id='word_1_212' title='bbox 543 2036 629 2080; x_wconf 86' lang='lat' dir='ltr'>Sed</span> <span class='ocrx_word' id='word_1_213' title='bbox 654 2035 744 2080; x_wconf 87' lang='lat' dir='ltr'>haec</span> <span class='ocrx_word' id='word_1_214' title='bbox 770 2035 935 2095; x_wconf 85' lang='lat' dir='ltr'>tragica</span> <span class='ocrx_word' id='word_1_215' title='bbox 959 2044 1089 2094; x_wconf 88' lang='lat' dir='ltr'>atque</span> <span class='ocrx_word' id='word_1_216' title='bbox 1113 2033 1259 2077; x_wconf 87' lang='lat' dir='ltr'>divina</span> <span class='ocrx_word' id='word_1_217' title='bbox 1288 2049 1298 2075; x_wconf 78' lang='lat' dir='ltr'><strong><em>z</em></strong></span> <span class='ocrx_word' id='word_1_218' title='bbox 1325 2032 1463 2076; x_wconf 88' lang='lat' dir='ltr'>faceta</span> <span class='ocrx_word' id='word_1_219' title='bbox 1488 2042 1632 2076; x_wconf 85' lang='lat' dir='ltr'>autem</span> <span class='ocrx_word' id='word_1_220' title='bbox 1661 2043 1703 2077; x_wconf 88' lang='lat' dir='ltr'>et</span> 
     </span>
     <span class='ocr_line' id='line_1_25' title="bbox 340 2113 1698 2160; baseline -0.001 -1"><span class='ocrx_word' id='word_1_221' title='bbox 340 2115 507 2160; x_wconf 86' lang='lat' dir='ltr'>urbana</span> <span class='ocrx_word' id='word_1_222' title='bbox 543 2114 878 2159; x_wconf 87' lang='lat' dir='ltr'>innumerabilia</span> <span class='ocrx_word' id='word_1_223' title='bbox 908 2131 960 2157; x_wconf 78' lang='lat' dir='ltr'>ex</span> <span class='ocrx_word' id='word_1_224' title='bbox 995 2130 1083 2158; x_wconf 88' lang='lat' dir='ltr'>una</span> <span class='ocrx_word' id='word_1_225' title='bbox 1114 2113 1394 2158; x_wconf 89' lang='lat' dir='ltr'>contentione</span> <span class='ocrx_word' id='word_1_226' title='bbox 1427 2113 1698 2157; x_wconf 87' lang='lat' dir='ltr'>meministis.</span> 
     </span>
     <span class='ocr_line' id='line_1_26' title="bbox 340 2192 1700 2255; baseline -0.002 -15"><span class='ocrx_word' id='word_1_227' title='bbox 340 2198 430 2241; x_wconf 89' lang='lat' dir='ltr'>Nec</span> <span class='ocrx_word' id='word_1_228' title='bbox 449 2196 564 2239; x_wconf 90' lang='lat' dir='ltr'>enim</span> <span class='ocrx_word' id='word_1_229' title='bbox 580 2196 733 2239; x_wconf 91' lang='lat' dir='ltr'>concio</span> <span class='ocrx_word' id='word_1_230' title='bbox 756 2195 895 2255; x_wconf 90' lang='lat' dir='ltr'>major</span> <span class='ocrx_word' id='word_1_231' title='bbox 912 2211 1107 2254; x_wconf 87' lang='lat' dir='ltr'>unquam</span> <span class='ocrx_word' id='word_1_232' title='bbox 1122 2193 1224 2250; x_wconf 88' lang='lat' dir='ltr'>fuit,</span> <span class='ocrx_word' id='word_1_233' title='bbox 1250 2209 1329 2236; x_wconf 88' lang='lat' dir='ltr'>nec</span> <span class='ocrx_word' id='word_1_234' title='bbox 1353 2192 1468 2253; x_wconf 87' lang='lat' dir='ltr'>apud</span> <span class='ocrx_word' id='word_1_235' title='bbox 1488 2193 1700 2254; x_wconf 91' lang='lat' dir='ltr'>populum</span> 
     </span>
     <span class='ocr_line' id='line_1_27' title="bbox 337 2272 1699 2336; baseline -0.003 -16"><span class='ocrx_word' id='word_1_236' title='bbox 337 2276 511 2336; x_wconf 82' lang='lat' dir='ltr'>gravior</span> <span class='ocrx_word' id='word_1_237' title='bbox 537 2276 697 2331; x_wconf 87' lang='lat' dir='ltr'>oratio,</span> <span class='ocrx_word' id='word_1_238' title='bbox 725 2291 855 2335; x_wconf 90' lang='lat' dir='ltr'>quam</span> <span class='ocrx_word' id='word_1_239' title='bbox 879 2275 1008 2335; x_wconf 87' lang='lat' dir='ltr'>hujus</span> <span class='ocrx_word' id='word_1_240' title='bbox 1031 2283 1184 2318; x_wconf 85' lang='lat' dir='ltr'>contra</span> <span class='ocrx_word' id='word_1_241' title='bbox 1210 2272 1420 2334; x_wconf 83' lang='lat' dir='ltr'>collegam</span> <span class='ocrx_word' id='word_1_242' title='bbox 1446 2273 1490 2316; x_wconf 93' lang='lat' dir='ltr'>in</span> <span class='ocrx_word' id='word_1_243' title='bbox 1517 2289 1699 2317; x_wconf 86' lang='lat' dir='ltr'>censura</span> 
     </span>
     <span class='ocr_line' id='line_1_28' title="bbox 338 2353 1697 2417; baseline -0.003 -17"><span class='ocrx_word' id='word_1_244' title='bbox 338 2374 496 2417; x_wconf 84' lang='lat' dir='ltr'>nuper,</span> <span class='ocrx_word' id='word_1_245' title='bbox 523 2372 663 2416; x_wconf 90' lang='lat' dir='ltr'>neque</span> <span class='ocrx_word' id='word_1_246' title='bbox 688 2354 834 2415; x_wconf 89' lang='lat' dir='ltr'>lepore</span> <span class='ocrx_word' id='word_1_247' title='bbox 855 2365 896 2398; x_wconf 89' lang='lat' dir='ltr'>et</span> <span class='ocrx_word' id='word_1_248' title='bbox 914 2355 1146 2398; x_wconf 86' lang='lat' dir='ltr'>festivitate</span> <span class='ocrx_word' id='word_1_249' title='bbox 1172 2353 1401 2397; x_wconf 90' lang='lat' dir='ltr'>conditior.</span> <span class='ocrx_word' id='word_1_250' title='bbox 1426 2355 1574 2411; x_wconf 88' lang='lat' dir='ltr'>Quare</span> <span class='ocrx_word' id='word_1_251' title='bbox 1591 2354 1697 2408; x_wconf 82' lang='lat' dir='ltr'>tibi,</span> 
     </span>
     <span class='ocr_line' id='line_1_29' title="bbox 338 2433 1696 2496; baseline -0.004 -14"><span class='ocrx_word' id='word_1_252' title='bbox 338 2439 529 2494; x_wconf 84' lang='lat' dir='ltr'>Antoni,</span> <span class='ocrx_word' id='word_1_253' title='bbox 555 2447 789 2496; x_wconf 88' lang='lat' dir='ltr'>utrumque</span> <span class='ocrx_word' id='word_1_254' title='bbox 812 2437 1045 2491; x_wconf 82' lang='lat' dir='ltr'>assentior,</span> <span class='ocrx_word' id='word_1_255' title='bbox 1070 2445 1112 2479; x_wconf 91' lang='lat' dir='ltr'>et</span> <span class='ocrx_word' id='word_1_256' title='bbox 1138 2434 1326 2478; x_wconf 90' lang='lat' dir='ltr'>multum</span> <span class='ocrx_word' id='word_1_257' title='bbox 1354 2434 1528 2478; x_wconf 88' lang='lat' dir='ltr'>facetias</span> <span class='ocrx_word' id='word_1_258' title='bbox 1557 2434 1602 2477; x_wconf 92' lang='lat' dir='ltr'>in</span> <span class='ocrx_word' id='word_1_259' title='bbox 1628 2433 1696 2477; x_wconf 91' lang='lat' dir='ltr'>di-</span> 
     </span>
     <span class='ocr_line' id='line_1_30' title="bbox 340 2514 1690 2578; baseline -0.003 -16"><span class='ocrx_word' id='word_1_260' title='bbox 340 2517 474 2562; x_wconf 89' lang='lat' dir='ltr'>cendo</span> <span class='ocrx_word' id='word_1_261' title='bbox 499 2517 700 2578; x_wconf 87' lang='lat' dir='ltr'>prodesse</span> <span class='ocrx_word' id='word_1_262' title='bbox 722 2533 853 2577; x_wconf 84' lang='lat' dir='ltr'>saepe,</span> <span class='ocrx_word' id='word_1_263' title='bbox 878 2526 919 2560; x_wconf 89' lang='lat' dir='ltr'>et</span> <span class='ocrx_word' id='word_1_264' title='bbox 938 2533 1008 2560; x_wconf 86' lang='lat' dir='ltr'>eas</span> <span class='ocrx_word' id='word_1_265' title='bbox 1026 2526 1118 2560; x_wconf 88' lang='lat' dir='ltr'>arte</span> <span class='ocrx_word' id='word_1_266' title='bbox 1138 2515 1261 2559; x_wconf 87' lang='lat' dir='ltr'>nullo</span> <span class='ocrx_word' id='word_1_267' title='bbox 1278 2514 1408 2559; x_wconf 89' lang='lat' dir='ltr'>modo</span> <span class='ocrx_word' id='word_1_268' title='bbox 1423 2530 1547 2574; x_wconf 93' lang='lat' dir='ltr'>posse</span> <span class='ocrx_word' id='word_1_269' title='bbox 1563 2514 1690 2558; x_wconf 87' lang='lat' dir='ltr'>tradi.</span> 
     </span>
     <span class='ocr_line' id='line_1_31' title="bbox 340 2596 1698 2657; baseline -0.001 -15"><span class='ocrx_word' id='word_1_270' title='bbox 340 2597 454 2642; x_wconf 88' lang='lat' dir='ltr'>Illud</span> <span class='ocrx_word' id='word_1_271' title='bbox 484 2597 658 2657; x_wconf 90' lang='lat' dir='ltr'>quidem</span> <span class='ocrx_word' id='word_1_272' title='bbox 685 2596 897 2653; x_wconf 88' lang='lat' dir='ltr'>admiror,</span> <span class='ocrx_word' id='word_1_273' title='bbox 929 2606 968 2640; x_wconf 90' lang='lat' dir='ltr'>te</span> <span class='ocrx_word' id='word_1_274' title='bbox 1002 2596 1126 2641; x_wconf 91' lang='lat' dir='ltr'>nobis</span> <span class='ocrx_word' id='word_1_275' title='bbox 1158 2597 1203 2639; x_wconf 92' lang='lat' dir='ltr'>in</span> <span class='ocrx_word' id='word_1_276' title='bbox 1235 2613 1285 2640; x_wconf 90' lang='lat' dir='ltr'>eo</span> <span class='ocrx_word' id='word_1_277' title='bbox 1310 2611 1465 2657; x_wconf 86' lang='lat' dir='ltr'>genere</span> <span class='ocrx_word' id='word_1_278' title='bbox 1495 2596 1698 2640; x_wconf 88' lang='lat' dir='ltr'>tribuisse</span> 
     </span>
    </p>
   </div>
  </div>
 </body>
</html>
