1843 3166
627 195 1021 231 ADNOTATIONES.
1431 200 1499 244 337

150 272 359 320 reipublicae
370 271 539 307 evenisse.
557 270 681 305 Verba
691 269 854 305 Africani
865 270 910 305 de
926 271 1105 305 Mummio
1117 283 1137 304 a
1155 274 1274 307 Valer.
1292 274 1391 309 Max,
1410 275 1504 311 scri—

149 340 234 380 pta,
252 334 310 368 hic
335 333 561 368 adscribam:
582 335 735 376 «Quum
762 332 932 376 haberet,
960 332 1098 379 inquit,
1118 344 1277 368 censurae
1296 343 1504 372 consortem

152 395 393 440 Mummium,
416 401 457 429 ut
490 392 670 436 nobilem,
700 392 749 426 ita
776 393 917 427 enervis
947 393 1051 439 vitae,
1077 405 1148 440 pro
1172 395 1300 430 rostris
1326 396 1440 443 dixit,
1468 410 1505 433 se

149 467 195 489 ex
218 444 406 501 majestate
424 452 634 500 reipublicae
647 452 770 487 omnia
789 460 992 500 gesturum,
1011 453 1040 488 si
1053 453 1122 488 sibi
1136 454 1230 490 cives
1245 457 1302 490 vel
1322 457 1507 493 dedissent

151 516 350 564 collegam,
363 517 421 551 vel
439 527 516 549 non
535 513 731 548 dedissent.
754 530 768 545 »
788 516 911 549 Tum.

201 582 389 631 Religione
405 583 588 617 civitatem
606 582 853 616 obstrinoec'sse.
867 583 1059 630 Religione
1080 583 1263 617 civitatem
1278 584 1507 633 obstringere

149 650 202 678 est
227 655 312 678 eum
336 649 475 677 metum
492 641 636 676 violatae
655 641 843 689 religionis
862 641 1027 677 incutere
1047 642 1206 687 civibus,
1226 650 1269 678 ut
1289 645 1508 691 expiandam

150 702 334 738 civitatem
347 731 357 748 ,
379 709 415 737 et
442 702 531 737 deos
549 714 625 737 esse
645 702 846 749 placandos
866 702 1082 738 existiment.
1103 704 1239 738 STREB.

199 783 285 817 CAP.
306 782 458 818 LXVII.
483 781 648 816 Scoevola
670 781 926 827 Septumeleio.
951 782 990 816 C.
1019 783 1225 828 Gracchus,
1245 783 1421 818 seditioso
1441 784 1510 818 tri<

147 844 290 878 bunatu
314 849 417 886 acto,
446 854 563 889 quum
592 841 818 876 Aventinum
845 848 983 876 armata
1009 842 1246 878 multitudine
1276 852 1508 890 occupasset,

147 906 187 939 L.
210 903 378 950 Opimius
392 904 520 937 consul
534 914 579 937 ex
598 903 914 937 senatusconsulto
933 914 1159 950 persequens
1178 904 1297 948 illum,
1319 905 1508 950 praemium

146 966 334 1012 pollicitus
365 972 418 999 est
446 964 501 1008 ei,
529 964 594 1011 qui
622 963 763 998 tribuni
794 970 905 1010 caput
925 965 1103 1009 auferret,
1129 965 1177 1000 ad
1196 978 1308 1012 seque
1336 965 1506 1001 deferret.

147 1026 192 1061 Id
211 1025 298 1060 fecit
317 1024 587 1071 Septumeleius
611 1024 842 1071 Anagninus,
862 1032 897 1059 et
923 1037 1055 1060 aurum
1080 1026 1118 1060 in
1140 1026 1332 1072 praemium
1356 1027 1509 1073 accepit.

148 1088 273 1131 Quum
296 1086 457 1121 Scaevola
486 1085 525 1118 in
551 1085 673 1119 Asiam
699 1084 1009 1131 proficisceretur,
1036 1092 1071 1120 et
1097 1086 1315 1134 Anagninus
1340 1094 1508 1134 rogaret,

148 1154 189 1181 ut
216 1159 260 1181 eo
282 1159 318 1181 se
339 1146 554 1193 praefectum
574 1145 726 1180 duceret
749 1159 757 1179 :
784 1147 884 1191 Quid
901 1147 968 1181 tibi
990 1147 1069 1189 vis,
1098 1146 1238 1193 inquit,
1266 1154 1332 1182 etc.
1352 1147 1509 1182 Videtur

149 1220 272 1242 severe
291 1214 327 1242 et
345 1206 505 1255 graviter
523 1206 664 1240 homini
693 1208 905 1253 consulere,
927 1220 1038 1254 quem
1057 1214 1098 1241 ut
1117 1219 1267 1242 avarum
1297 1208 1507 1244 crudelem-

148 1280 222 1315 que
252 1267 417 1310 deludit,
445 1266 531 1314 quia
560 1258 633 1314 pro
665 1267 783 1314 capite
802 1269 985 1302 malorum
1006 1267 1141 1302 civium
1169 1267 1257 1302 velit
1281 1280 1411 1303 aurum
1440 1268 1508 1303 sibi

147 1328 315 1375 rependi.
343 1329 479 1363 Suum.

198 1396 243 1432 P.
268 1397 489 1432 Mummium
515 1394 624 1431 cuivis
644 1397 810 1444 tempori.
840 1396 965 1432 Simile
985 1396 1166 1443 quiddam
1193 1397 1238 1431 de
1263 1396 1391 1430 Asinio
1417 1397 1508 1430 Pol-

147 1457 246 1492 lione
275 1457 388 1492 refert
422 1456 557 1492 Fabius
590 1457 690 1492 hunc
728 1457 766 1492 in
792 1457 946 1492 modum
976 1469 984 1490 :
1011 1458 1087 1492 «Ut
1114 1456 1160 1490 de
1186 1456 1352 1491 Pollione
1379 1456 1508 1491 Asinio

148 1518 248 1552 seriis
259 1517 428 1564 jocisque
440 1518 579 1563 pariter
596 1515 878 1551 accommodato
898 1515 1039 1550 dietum
1059 1522 1131 1559 est,
1151 1527 1227 1550 esse
1240 1527 1324 1550 eum
1344 1515 1509 1550 omnium

145 1578 369 1612 horarum.»
393 1579 431 1612 P.
460 1583 583 1611 autem
611 1575 813 1610 Mummius
842 1575 989 1621 lepidus
1016 1581 1052 1608 et
1082 1575 1220 1608 facetus
1252 1587 1368 1621 qumn
1393 1583 1508 1620 esset,

147 1638 260 1672 homo
286 1637 400 1671 cuivis
419 1635 580 1681 tempori
602 1647 623 1669 a
640 1634 810 1669 Publicio
832 1634 953 1669 dictus
972 1641 1044 1679 est,
1066 1634 1171 1682 quod
1194 1635 1233 1669 in
1260 1635 1356 1680 otio,
1376 1635 1415 1669 in
1438 1649 1507 1671 ne-

148 1696 271 1743 gotio,
296 1695 336 1729 in
361 1696 472 1730 rebus
499 1695 608 1738 laetis,
632 1694 671 1727 iu
698 1694 851 1740 asperis,
879 1694 1069 1741 jucundus
1087 1695 1300 1730 hominibus
1333 1703 1445 1742 esset,
1473 1704 1509 1731 et

151 1756 372 1802 cuicumque
396 1753 557 1801 tempori
580 1760 698 1801 aptus.
720 1755 843 1789 Tumv.

203 1825 276 1870 Qui
287 1824 323 1858 in
342 1824 471 1858 Paulli
477 1835 622 1871 pugna.
642 1822 816 1857 Proelium
835 1822 927 1858 illud
945 1824 1129 1873 intelligo,
1141 1837 1218 1872 quo
1238 1823 1405 1859 conflixit
1424 1837 1507 1860 cum

150 1887 255 1920 Perse
279 1896 366 1933 rege
390 1882 617 1918 Macedoniae
638 1883 784 1918 Paullus
802 1884 981 1920 AEmilius.
1001 1886 1124 1919 Tmm.

202 1962 288 1997 Cn.
311 1962 485 1996 LXVIII.
505 1961 673 1996 Metello.
695 1962 885 1996 Metellum
904 1963 1004 1997 hunc
1031 1974 1105 1998 esse
1129 1970 1222 2009 puto
1248 1962 1506 2008 Numidicum,

151 2023 235 2071 qui,
253 2021 465 2058 Numidiam
491 2021 642 2056 sortitus
658 2021 887 2068 provinciam
909 2024 1007 2058 bello
1027 2023 1272 2071 Jugurthino,
1304 2022 1506 2069 delectum,

151 2091 194 2118 ut
220 2082 410 2118 Sallustius
432 2082 577 2127 scribit,
596 2083 723 2116 Romae
742 2082 870 2117 habuit
897 2096 905 2117 :
927 2084 964 2118 in
989 2097 1086 2131 quo,
1111 2084 1252 2130 petenti
1277 2083 1413 2118 militiae
1436 2097 1504 2118 va-

152 2143 333 2179 cationem
352 2142 499 2188 Caesari,
524 2143 773 2189 morbumque
792 2145 982 2178 oculorum
1002 2144 1141 2190 juranti
1163 2158 1169 2179 τ
1196 2160 1210 2175 «
1226 2146 1283 2179 Tu
1301 2144 1426 2191 igitur,
1446 2145 1506 2178 in-

152 2204 251 2251 quit,
271 2203 363 2238 nihil
392 2202 522 2238 vides?
542 2219 561 2235 2>
589 2204 707 2247 Quasi
725 2205 802 2238 sola
828 2205 966 2240 caecitas
992 2205 1199 2240 excusanda
1227 2211 1340 2251 esset,
1359 2217 1426 2239 nec
1446 2217 1506 2239 sa-

152 2264 198 2299 tis
223 2271 315 2299 esset
339 2264 492 2298 morbus
518 2265 712 2299 oculorum
731 2264 778 2299 ad
805 2265 1034 2300 vacationem
1056 2279 1064 2300 :
1087 2282 1102 2297 «
1116 2268 1232 2300 Immo
1257 2278 1360 2310 vero,
1383 2265 1506 2312 inquit

152 2325 232 2370 ille,
265 2337 286 2359 a
304 2331 414 2371 porta
437 2325 627 2371 Esquilina
648 2325 759 2360 video
787 2326 911 2360 villam
934 2333 1032 2361 tuam
1057 2326 1330 2362 Tiburtinam.»
1356 2327 1401 2360 In
1428 2338 1504 2373 quo

153 2385 291 2432 objecit
309 2385 342 2420 ei
366 2385 546 2421 invidiose
570 2387 693 2422 villam
718 2387 825 2422 nimis
844 2386 1098 2435 magnificam,
1117 2387 1298 2434 nimisque
1323 2388 1393 2421 alte
1413 2386 1505 2421 aedi-

154 2445 316 2492 ficatam;
350 2453 386 2481 et
419 2446 512 2493 quid
542 2455 723 2495 ageretur,
757 2448 1015 2494 dissimulavit,
1054 2456 1164 2496 atque
1202 2448 1253 2482 ita
1291 2447 1502 2493 respondit,

155 2507 260 2555 quasi
286 2514 428 2542 tantum
451 2507 752 2556 interrogaretur,
781 2518 960 2556 quantum
985 2509 1147 2556 videret,
1172 2521 1248 2544 non
1273 2520 1385 2555 quam
1405 2507 1502 2552 justa

156 2570 341 2606 excusatio
362 2577 465 2606 esset.
484 2570 604 2604 Tum.

318 2656 368 2682 11.
1286 2654 1339 2680 22
