1843 3166
634 204 1027 240 ADNOTATIONES.
1438 209 1457 242 3
1467 209 1511 243 35

168 281 410 317 inversionem
430 281 549 317 vertit.
582 281 753 316 Ceterum
772 281 891 315 forma
910 281 1131 317 narrationis
1151 283 1210 317 vix
1232 282 1307 318 sine
1334 283 1424 318 vitio
1454 292 1517 320 est.

218 345 415 378 Annalem.
429 343 563 390 Legem
585 342 766 376 Annalem
785 343 837 376 M.
858 342 1022 377 Pinarius
1035 344 1157 378 Rusca
1171 343 1271 389 tulit,
1292 357 1407 391 quum
1427 353 1519 381 esset

163 403 333 439 tribunus
350 403 485 450 plebis,
510 415 540 437 a.
561 403 606 437 U.
635 404 673 437 C.
697 403 792 446 6233
813 415 895 449 quae
914 410 1054 439 aetatem
1074 403 1298 439 describeret
1325 414 1459 442 certam
1479 407 1518 441 in

162 464 433 513 magistratibus
451 463 629 511 petendis.
651 464 772 500 Prima
787 465 847 500 lex
866 465 1017 500 Annalis
1036 466 1108 499 lata
1122 472 1175 499 est
1197 477 1227 500 a.
1251 465 1323 511 574
1345 480 1365 502 a
1382 469 1517 503 LVil-

162 525 222 562 lio.
244 527 314 560 Tit.
336 525 481 568 Livius,
507 537 574 569 XL,
603 529 661 567 44.

219 587 420 620 Turmales.
434 586 568 620 Statuae
592 586 764 620 turmales
781 586 936 632 proprie
961 586 1153 629 dicuntur,
1173 593 1209 621 et
1228 587 1411 621 translate.
1425 590 1518 622 Pro-

158 647 239 693 prie
266 647 370 682 dictae
389 654 474 681 sunt
493 653 618 681 statuae
641 653 846 693 equestres;
865 659 950 682 nam
974 654 1101 682 turmae
1121 654 1205 682 sunt
1233 647 1415 695 equitum,
1440 661 1518 682 non

158 707 344 753 peditum,
365 707 567 754 improprie
588 713 623 741 et
642 707 856 743 translatitie
882 708 1057 743 dicuntur
1077 710 1256 756 gregales,
1281 715 1317 743 et
1344 709 1382 743 in
1408 710 1518 745 turba

158 768 364 813 collocatae,
384 768 595 814 cujusmodi
612 781 689 803 non
709 769 907 815 expetebat
923 769 1058 816 Scipio.
1079 770 1213 804 Suu-213.

207 831 251 864 L.
271 829 464 864 Scribonio.
496 830 648 878 Magnas
676 829 772 864 inter
801 842 837 865 se
865 830 1065 865 simultates
1099 837 1135 865 et
1159 829 1244 864 odia
1272 838 1519 865 exercuerunt

156 890 274 925 Galba
294 897 432 935 orator,
446 897 482 925 et
500 891 716 926 Scribonius
735 891 848 937 Libo;
869 891 962 927 adeo
982 897 1024 926 ut
1049 891 1222 926 tribunus
1241 891 1388 926 tandem
1401 893 1516 938 Libo,

154 951 193 985 in
218 963 302 986 eum
322 951 554 999 rogationem
578 951 689 987 ferret
712 952 896 1000 privilegii
919 952 1096 997 similem,
1121 952 1225 998 quod
1253 952 1514 988 Lusitanorum

152 1024 322 1059 magnam
334 1024 483 1046 manum
502 1011 700 1058 perfidiose
720 1012 978 1057 interemisset,
998 1012 1200 1047 tribunitiae
1220 1013 1356 1047 actioni
1376 1016 1515 1050 Catone

155 1072 333 1107 Censorio
351 1073 624 1117 subscribente3
652 1086 726 1120 qua
747 1074 792 1109 de
812 1086 869 1119 re,
889 1074 926 1109 in
948 1076 1062 1108 Bruto
1080 1074 1263 1109 scribitur.
1285 1075 1409 1111 TURN.

205 1134 291 1168 Cn.
314 1134 449 1167 LXVI.
476 1134 522 1168 Ut
540 1135 602 1168 ille
621 1134 675 1168 M.
702 1135 823 1170 Cicero
841 1147 964 1170 senex.
986 1135 1021 1169 Is
1040 1147 1128 1170 avus
1149 1134 1335 1170 Ciceronis
1356 1137 1514 1172 oratoris

154 1193 242 1238 fuit,
263 1194 329 1241 qui
358 1194 396 1228 in
414 1194 629 1241 municipali
654 1195 845 1242 republica
870 1197 920 1230 M.
949 1195 1120 1231 Gratidio
1144 1196 1261 1243 legem
1287 1196 1513 1232 tabellariam

152 1254 304 1298 ferenti,
329 1255 470 1291 restitit.
491 1257 598 1291 Pater
617 1263 738 1291 autem
762 1256 949 1292 Ciceronis
969 1257 1099 1292 Caesari
1130 1255 1336 1305 (Straboni)
1363 1259 1512 1303 Crasso,

152 1322 188 1350 et
209 1315 376 1350 Antonio
402 1316 606 1362 familiaris,
627 1317 691 1352 sed
710 1324 745 1352 et
763 1324 928 1364 patruus.
954 1319 1086 1365 Itaque
1111 1318 1176 1364 qui
1208 1318 1254 1353 de
1272 1326 1376 1365 patre
1404 1320 1511 1355 Cice-

149 1376 251 1411 ronis
280 1377 509 1425 intelligunt,
539 1385 703 1425 peccant.
736 1381 861 1414 TURN.
881 1400 932 1405 --
950 1379 1107 1414 Ursinus
1141 1379 1280 1413 censuit
1314 1380 1510 1427 legendum

150 1448 225 1472 esse
247 1437 360 1480 Cato,
389 1438 476 1486 quia
506 1446 603 1474 notae
625 1446 712 1474 sunt
736 1440 885 1475 Catonis
910 1452 993 1473 cum
1014 1439 1148 1473 Graecis
1170 1445 1204 1473 et
1226 1451 1341 1487 graece
1360 1440 1510 1475 scienti-

148 1497 218 1532 bus
244 1496 453 1533 inimicitiae.
482 1499 555 1534 Sed
582 1512 648 1534 cur
675 1513 752 1534 non
785 1499 866 1534 fieri
893 1499 1034 1546 potuit,
1073 1507 1114 1534 ut
1141 1499 1304 1545 ejusdem
1324 1503 1511 1537 sententiae

149 1565 241 1593 esset
263 1560 314 1593 M.
338 1559 466 1594 Cicero
483 1572 611 1604 senex,
631 1560 768 1595 scilicet
788 1573 876 1594 avus
895 1560 1012 1594 nostri
1027 1559 1223 1594 Ciceronis.
1244 1561 1299 1594 De
1311 1573 1380 1595 avo
1400 1563 1509 1608 hujus

148 1619 219 1653 hoc
240 1619 379 1654 dictum
398 1627 512 1665 puto,
532 1631 609 1652 non
629 1620 675 1652 de
702 1626 826 1665 patre,
851 1619 880 1653 is
901 1619 996 1653 enim
1024 1619 1089 1665 qui
1117 1618 1219 1653 istius
1239 1621 1289 1654 M.
1321 1621 1507 1658 Ciceronis

147 1678 242 1713 senis
257 1678 357 1713 filius
379 1678 464 1722 fuit,
486 1678 624 1724 quique
642 1678 700 1713 hic
719 1685 873 1713 vocatur
885 1680 945 1714 vir
959 1681 1135 1726 optimus,
1155 1687 1192 1713 et
1209 1680 1505 1728 Coesara‘rfami-

148 1739 272 1780 liaris,
293 1751 369 1773 non
380 1739 449 1773 fuit
469 1739 596 1773 Cicero
617 1746 744 1774 orator
755 1738 853 1788 (nam
874 1746 963 1775 tunc
979 1740 1154 1787 temporis
1164 1741 1311 1776 nonnisi
1324 1742 1506 1779 decimum

148 1807 290 1834 sextum
318 1812 455 1835 annum
473 1800 586 1835 aetatis
611 1799 773 1849 agebat),
794 1801 858 1836 sed
881 1808 987 1848 pater
1014 1801 1190 1847 oratoris,
1219 1803 1304 1849 qui,
1338 1811 1379 1838 ut
1405 1805 1503 1840 dixi—

147 1873 229 1896 mus
253 1873 283 1896 c.
310 1874 324 1896 1
353 1860 507 1907 hujusce
529 1861 635 1906 libri,
654 1861 840 1897 familiaris
862 1862 980 1898 Crassi
1003 1870 1038 1897 et
1060 1863 1214 1898 Antonii
1232 1864 1314 1898 fuit.
1332 1866 1467 1901 Peme.

198 1922 366 1966 Syrorum
385 1922 583 1956 venalium.
598 1921 823 1957 Venalitiarii
845 1935 1012 1971 magnam
1031 1923 1104 1958 vim
1118 1936 1307 1959 servorum
1326 1925 1503 1973 Syrorum

147 1983 303 2018 Romam
328 1982 570 2018 advehebant.
591 1982 686 2018 Hinc
716 1983 807 2019 illud
835 1984 1022 2020 Ciceronis
1049 1985 1087 2019 in
1105 1985 1322 2031 Pisoniana,
1347 1998 1426 2033 cap.
1450 2000 1464 2021 1
1494 2002 1502 2022 ε

146 2058 161 2072 «
173 2043 293 2078 Nemo
314 2043 482 2090 queritur
500 2044 634 2091 Syrum
650 2044 774 2079 nescio
794 2057 903 2092 quem
922 2045 969 2080 de
988 2058 1098 2094 grege
1119 2046 1348 2081 novitiorum
1367 2047 1502 2083 factum

147 2115 223 2138 esse
245 2105 443 2138 consulem.
462 2120 476 2134 n
502 2105 596 2139 Nam
614 2104 807 2151 praedones
826 2106 954 2141 Cilices
973 2119 1077 2142 oram
1104 2106 1216 2154 Syriae
1242 2106 1407 2142 infestam
1430 2108 1500 2143 ha—

146 2164 306 2209 bebant,
333 2171 369 2199 et
395 2165 536 2211 praedas
563 2165 662 2201 illinc
687 2166 864 2214 agebant,
886 2174 1066 2215 captaque
1098 2180 1256 2215 corpora
1280 2169 1414 2203 Delum
1435 2169 1502 2204 de—

145 2225 346 2271 portabant
371 2225 420 2261 ad
436 2234 656 2271 mercatum,
677 2227 778 2262 unde
796 2229 954 2263 Romani
976 2230 1157 2264 emebant.
1184 2229 1258 2275 Qui
1277 2237 1398 2265 autem
1418 2231 1501 2278 Syri

147 2285 286 2332 optime
303 2287 553 2333 loquebantur
570 2299 701 2335 graece,
723 2287 787 2322 diu
806 2288 1006 2324 servierant
1022 2290 1061 2324 in
1080 2290 1219 2325 Graecia
1230 2318 1239 2335 ,
1257 2297 1501 2326 veteratores-

147 2358 220 2393 que
240 2353 276 2381 et
301 2358 459 2394 nequam
489 2355 695 2394 evaserant,
717 2361 784 2384 nec
803 2349 935 2384 novitii
958 2358 1082 2396 erant;
1106 2351 1171 2387 sed
1199 2351 1302 2399 quod
1334 2352 1501 2386 servituti

147 2406 351 2452 diuturnae,
373 2420 454 2454 quae
472 2407 662 2455 improbos
681 2417 717 2445 et
735 2409 887 2445 callidos
904 2410 1044 2456 reddit,
1062 2411 1338 2447 attribuendum
1357 2412 1443 2458 fuit,
1462 2412 1501 2447 id

147 2467 362 2503 Graecorum
381 2468 420 2502 in
429 2480 548 2503 mores
560 2470 774 2506 conferebat
793 2470 980 2506 Ciceronis
999 2483 1107 2516 avus,
1122 2473 1188 2520 qui
1199 2472 1333 2508 Graecis
1351 2472 1501 2507 infestus

146 2524 257 2562 fuisse
278 2528 437 2574 videtur,
460 2542 537 2565 non
556 2531 672 2565 multo
691 2543 794 2566 secus
813 2544 854 2567 ac
878 2533 969 2567 Cato
990 2533 1198 2569 Censorius.
1221 2535 1345 2568 Tmm.

199 2586 342 2623 Pictum
363 2590 521 2625 Gallum.
541 2591 716 2627 Tabernae
734 2599 838 2627 erant
858 2593 952 2630 circa
973 2594 1131 2640 Forum,
1151 2594 1272 2642 inquit
1290 2593 1442 2638 Fabius3
1466 2601 1500 2629 et
