1843 3166
359 310 402 344 (0⁰
874 303 931 334 tuf.
961 301 1187 334 ‹nm'l'mu-

357 405 448 446 qua·
479 387 681 433 lialwnnt,
711 386 875 427 modim·
908 395 941 425 vl
982 386 1162 424 ssimum·
1198 390 1393 429 utantur,
1422 388 1456 418 01
1490 386 1530 418 ut
1566 393 1617 418 nc
1645 376 1713 417 (le-

356 468 514 510 decoat.
544 467 589 509 ld
626 468 737 508 en'un
772 476 829 506 est
869 465 1050 506 maxime
1085 460 1324 508 tinnulum,
1359 469 1394 499 «¹1
1433 458 1485 499 de
1516 458 1596 500 hoo
1628 473 1714 498 uno

358 549 531 590 ininiun·
562 557 617 587 est
657 545 777 587 lin-ile
809 544 1057 603 praeripere,
1089 558 1171 583 non
1202 540 1302 581 1111111
1329 538 1476 589 inodo,
1507 537 1579 595 qui
1605 537 1714 578 sicut

358 644 468 670 unus
499 624 822 686 paterfamilias,
858 624 920 664 liis
955 622 1006 663 (le
1035 622 1160 663 rebus
1187 619 1363 677 loquor,
1389 617 1458 658 sed
1484 617 1610 658 etiam
1638 616 1715 674 ipsi

358 709 416 752 illi
448 711 623 762 Roscio,
650 725 775 767 quein
811 723 917 765 ωυρμ
952 704 1081 747 audio
1113 703 1273 755 (livere,
1308 710 1434 759 vaput
1470 716 1558 742 esse
1593 699 1717 750 artis,

357 790 506 833 ‹lecet-<¹
530 807 541 830 .·
566 787 681 847 quod
711 797 850 829 laun-n
883 802 1015 826 unum
1043 783 1082 825 id
1107 798 1214 831 esse,
1241 779 1354 838 quod
1383 779 1489 821 tradi
1516 788 1607 821 arte
1631 794 1716 821 non

359 870 503 928 possit.

421 948 524 1003 Sed,
545 950 575 990 si
607 947 764 1007 placet,
787 962 1025 988 sermonem
1051 943 1134 985 alio
1160 941 1486 995 transl'eranuts,
1509 948 1550 981 et
1574 947 1721 981 nostro

360 1046 477 1072 more
500 1027 755 1087 aliquando,
777 1044 861 1068 non
883 1025 1119 1078 rhetorico,
1143 1023 1383 1081 loquamur.
1400 1020 1580 1063 Minime
1601 1034 1721 1070 verO,

361 1110 501 1167 inquit
525 1111 665 1151 Cotta.
694 1108 824 1149 Nunc
855 1106 968 1147 enim
997 1113 1037 1145 te
1064 1104 1151 1161 jam
1183 1118 1406 1144 exoremus
1439 1115 1607 1142 neeesse
1635 1107 1722 1151 est,

361 1188 564 1248 quoniam
593 1187 749 1229 retines
777 1202 852 1226 nos
878 1186 922 1226 in
947 1184 1027 1225 hoe
1052 1181 1215 1235 studio,
1236 1199 1313 1223 nee
1331 1179 1383 1223 ad
1402 1179 1527 1222 aliam
1545 1178 1724 1221 dimittis

361 1277 516 1323 artem,
536 1277 581 1309 ut
609 1266 731 1308 nobis
757 1263 959 1323 expliceS,
985 1261 1195 1321 quidquid
1221 1270 1283 1303 est
1310 1259 1444 1314 istud,
1469 1257 1586 1318 quod
1610 1268 1657 1301 tu
1682 1258 1725 1300 in

362 1347 544 1391 dicendo
569 1356 688 1406 potes
713 1363 720 1386 :
751 1361 888 1403 neque
917 1344 1031 1386 enim
1063 1358 1208 1384 sumus
1237 1342 1360 1383 nimis
1385 1339 1526 1382 avidi:
1550 1340 1629 1382 ista
1653 1348 1727 1381 tua

363 1427 567 1469 mediocri
595 1425 841 1484 eloquentia
871 1424 1062 1466 contenti
1087 1438 1254 1476 sunnis,
1283 1420 1410 1479 idque
1434 1436 1482 1462 ex
1509 1428 1549 1462 te
1575 1418 1729 1478 quaeri-

364 1525 458 1550 mus
478 1517 550 1562 1¹¹1
578 1524 629 1549 ne
662 1504 757 1565 plus
786 1522 862 1547 nos
897 1519 1198 1562 assequamur,
1225 1516 1354 1560 qnam
1388 1496 1646 1558 quantulum
1682 1507 1726 1540 tu

365 1589 408 1629 in
436 1585 619 1629 (licendo
647 1594 864 1627 assecutus
889 1582 974 1637 es),
1002 1582 1232 1641 quoniam,
1260 1596 1354 1638 quae
1381 1596 1405 1621 a
1431 1587 1584 1621 natura
1602 1593 1728 1637 expe-

364 1665 493 1709 tenda
518 1675 642 1719 sunt,
673 1681 720 1706 ea
748 1664 855 1705 dieis
882 1679 968 1704 :ion
1000 1662 1125 1703 nimis
1148 1660 1291 1703 deesse
1316 1659 1464 1714 nobis,
1494 1657 1599 1717 quid
1620 1673 1728 1718 prae·

364 1754 480 1788 terea
506 1761 594 1787 esse
618 1740 924 1786 assumendum
949 1739 1101 1799 putes?

428 1825 568 1868 XXX.
605 1825 715 1865 Tum
754 1825 934 1865 Crassus
977 1818 1194 1874 arridens,
1230 1818 1349 1874 Quid
1384 1834 1529 1861 censes
1568 1818 1730 1878 inquit,

365 1908 518 1959 Cotta,
544 1904 623 1946 nisi
651 1901 864 1956 studium,
889 1910 931 1943 et
953 1898 1152 1942 ardorem
1181 1898 1411 1958 quemdam
1435 1897 1619 1942 amoris?
1641 1899 1732 1942 sine

366 2002 453 2044 quo
481 2000 615 2043 quum
645 1984 688 2024 in
715 1983 801 2025 vita
828 1980 935 2023 nihil
961 1979 1199 2040 quidquam
1222 1979 1467 2038 egregium,
1497 1988 1588 2021 tum
1618 1987 1733 2022 certe

366 2065 469 2119 hoe,
493 2062 609 2123 quod
636 2072 683 2105 tu
709 2062 892 2122 expetis,
921 2076 1047 2103 nemo
1072 2076 1264 2118 unquam
1292 2067 1555 2117 assequetur.
1580 2060 1733 2117 Neque

367 2160 468 2186 vero
503 2159 577 2185 vos
611 2141 665 2184 ad
699 2157 792 2183 eam
826 2156 915 2182 rem
952 2138 1078 2181 video
1111 2154 1200 2181 esse
1238 2136 1529 2181 cohortandos
1559 2155 1569 2180 ;
1604 2153 1732 2196 quos,

367 2239 502 2282 quum
535 2222 641 2264 mihi
681 2237 855 2280 quoque
889 2219 981 2262 sitis
1015 2218 1206 2275 molesti,
1234 2219 1359 2261 nimis
1391 2219 1519 2261 etiam
1553 2217 1734 2278 flagrare

368 2301 562 2362 intelligo
587 2300 836 2360 cupiditate.

432 2380 515 2424 Sed
542 2380 735 2440 profecto
761 2379 902 2422 studia
927 2378 1034 2422 nihil
1059 2389 1242 2439 prosunt
1269 2377 1547 2437 perveniendi
1569 2377 1733 2436 aliquo,

369 2462 449 2503 nisi
470 2460 596 2516 illud,
622 2459 737 2519 quod
761 2477 830 2514 eo,
857 2476 943 2518 quo
970 2458 1186 2514 intendas,
1213 2459 1320 2501 ferat
1344 2457 1638 2516 deducatque,
1664 2474 1736 2500 eo-

369 2541 529 2600 gnoris.
556 2544 726 2596 Quare,
756 2541 961 2598 quoniam
988 2540 1093 2582 mihi
1121 2538 1255 2582 levius
1281 2537 1496 2597 quoddam
1524 2553 1633 2580 onus
1656 2537 1736 2579 im-

371 2620 550 2679 ponitis,
577 2635 716 2678 neque
740 2636 790 2662 ex
817 2637 883 2662 me
909 2620 959 2663 de
987 2620 1171 2663 oratoris
1197 2628 1312 2674 arte,
1338 2618 1410 2662 sed
1436 2617 1488 2660 de
1515 2618 1594 2660 hae
1618 2632 1736 2670 mea,

374 2699 756 2758 quantulacunqm·
789 2710 876 2753 est,
905 2699 1108 2742 facultate
1140 2701 1351 2758 qureritis,
1378 2714 1586 2757 exponam
1616 2697 1738 2740 vobis
