1843 3166
331 182 350 216 3
361 195 372 215 1
382 181 402 214 8
832 181 896 215 DE
926 181 1175 216 ORATORE.

327 271 402 293 non
423 264 590 305 rogatus,
619 269 764 293 causam
783 256 942 305 aliquam
969 257 1044 306 agit
1071 255 1170 307 (nam
1201 257 1271 292 hoc
1300 264 1352 292 est
1381 257 1564 305 suscipere
1594 272 1687 294 ccm—

327 317 442 368 sam),
473 326 508 354 et
533 330 612 354 eam
640 318 736 367 agit,
769 325 926 365 propter
955 317 1230 353 multitudinem
1260 329 1452 353 causarum
1479 331 1570 366 quas
1595 319 1687 367 agit,

326 381 419 415 male
438 394 446 416 :
474 388 510 416 at
526 380 698 428 perfidioe
714 406 724 423 ,
752 379 800 424 si,
821 387 992 428 rogatus,
1013 380 1087 428 agit
1107 380 1154 415 ad
1176 392 1212 415 se
1233 379 1389 415 delatam
1415 378 1525 429 (nam
1542 380 1616 415 hoc
1635 388 1688 416 est

328 443 488 490 recipere
508 439 693 490 causam),
718 448 754 477 et
783 454 860 476 non
889 441 1098 490 diligenter,
1121 449 1157 477 et
1183 442 1279 477 bene
1299 441 1393 490 agit;
1412 453 1497 476 nam
1523 441 1574 476 ita
1596 441 1688 476 fallit

326 501 447 538 fidem.
475 503 570 539 Hinc
592 502 828 550 intelligenda
852 503 1064 550 sequentia:
1085 503 1134 539 ita
1153 503 1407 547 committunt,
1427 510 1468 538 ut
1488 503 1686 550 dupliciter

325 565 645 611 reprehendantur
670 578 679 599 :
702 564 842 611 primo,
864 564 968 612 quod
989 577 1113 600 causas
1131 577 1208 599 non
1227 564 1422 612 diligenter
1442 571 1478 599 et
1503 576 1587 599 curn
1611 562 1685 599 fide

323 625 486 672 egerint3
505 625 658 670 deinde,
679 625 784 673 quod
803 639 879 661 non
899 626 984 662 satis
1002 625 1266 670 intellexerint,
1284 626 1342 660 vel
1362 638 1585 674 cognoscere
1607 637 1684 672 po—

325 685 480 729 tuerint,
519 686 666 732 sintque
699 685 796 721 tardi
830 686 1000 734 ingenio,
1031 686 1137 734 quod
1165 686 1322 721 maxime
1348 687 1479 721 volunt
1510 686 1684 733 effugere.

322 760 336 775 «
352 747 602 792 Assequuntur
619 747 733 781 etiam
743 772 754 788 ,
768 762 782 777 n
804 747 1001 794 eleganter,
1019 759 1090 793 pro
1110 759 1174 791 eo,
1194 747 1300 793 quod
1320 746 1405 781 alias
1424 747 1514 782 dicit
1531 747 1661 782 Cicero
1675 774 1684 790 ,

322 820 340 836 α
354 805 518 840 incidunt
533 807 570 841 in
589 807 704 841 illam.
723 822 737 837 υ
758 808 855 842 ERN.

372 868 434 901 Ita
452 868 539 901 dum
560 868 703 902 inertioe
725 868 1043 915 vituperationem.
1069 869 1192 903 Locus
1211 868 1271 902 ille
1289 867 1513 902 Lambinum
1540 875 1576 902 et
1594 869 1685 903 alios

322 927 502 973 exercuit,
525 941 641 975 quum
662 941 739 963 non
756 928 941 972 viderent,
969 928 1162 976 quomodo
1190 928 1329 963 inertiae
1352 927 1576 975 vituperatio
1595 941 1685 976 pos—

321 996 373 1023 set
394 989 467 1024 dici
485 990 615 1035 major,
635 1003 747 1038 quam
769 990 962 1025 tarditatis.
984 990 1122 1025 Inertia
1139 990 1231 1025 nihil
1253 989 1355 1025 aliud
1374 989 1560 1038 designat,
1575 1003 1685 1037 quam

324 1050 410 1085 artis
429 1051 694 1098 ignorantiam,
713 1064 795 1098 quae
814 1051 852 1085 in
863 1058 1012 1086 oratore
1026 1063 1111 1086 sane
1125 1058 1178 1086 est
1195 1051 1326 1086 vitium
1338 1051 1548 1086 maximum.
1564 1054 1683 1087 VERE.

376 1111 462 1146 CAP.
499 1113 624 1147 XXV.
658 1114 700 1146 L.
731 1112 874 1160 Opimii
903 1125 1066 1147 causam.
1104 1114 1148 1148 A.
1173 1114 1220 1149 U.
1247 1114 1286 1148 C.
1320 1112 1413 1157 633,
1443 1114 1484 1147 L.
1516 1113 1685 1160 Opimius

320 1173 448 1207 consul
473 1174 512 1208 C.
539 1174 766 1216 Gracchum,
797 1173 834 1208 in
859 1174 957 1208 tertii
983 1174 1194 1209 tribunatus
1214 1173 1333 1221 plebis
1354 1173 1534 1220 petitione
1556 1175 1684 1221 repul—

319 1245 417 1278 sum,
437 1246 478 1269 ac
504 1233 578 1269 vim
596 1241 807 1281 parantem,
828 1235 1021 1282 oppressit.
1043 1235 1246 1270 Consulatu
1264 1235 1482 1282 perfunctus
1504 1247 1525 1270 a
1543 1236 1582 1270 P.
1601 1237 1681 1270 De-

323 1293 399 1338 cio,
425 1294 576 1330 trihuno
606 1296 743 1342 plebis,
777 1303 969 1331 accusatus
995 1303 1048 1331 est
1073 1296 1290 1343 majestatis,
1318 1296 1424 1343 quod
1451 1295 1547 1331 cives
1573 1296 1682 1332 inde-

319 1362 462 1390 mnatos
492 1357 695 1391 occidisset.
725 1359 864 1392 Verum
893 1369 914 1392 a
934 1359 972 1393 C.
1005 1358 1175 1393 Carbone
1208 1357 1397 1402 defensus,
1425 1357 1683 1404 frequentibus

318 1416 503 1465 suffragiis
524 1424 576 1452 est
594 1417 795 1452 absolutus.
818 1419 951 1452 Pizus-r.
1072 1464 1074 1466 v

369 1479 414 1512 Ia
442 1479 606 1513 Αόιίὶαηί
622 1491 748 1512 causa.
768 1480 813 1513 A.
828 1479 873 1514 U.
896 1479 934 1513 C.
960 1477 1056 1523 660,
1076 1479 1114 1514 C.
1128 1479 1348 1524 Norbanus,
1370 1480 1491 1527 quod,
1512 1479 1683 1514 tribunus

316 1537 454 1584 plebis,
489 1540 533 1581 Q.
570 1538 765 1572 Servilium
795 1538 1026 1584 Caepionem,
1066 1552 1087 1574 a
1123 1540 1280 1576 Cimbris
1313 1540 1472 1585 victum,
1502 1541 1683 1575 seditiosis

317 1597 560 1633 concionibus
579 1599 676 1632 ultra
698 1598 852 1632 modum
871 1605 1057 1638 vexasset,
1080 1611 1164 1634 reus
1187 1600 1389 1645 majestatis
1414 1613 1433 1635 a
1453 1603 1491 1635 P.
1516 1601 1681 1648 Sulpicio

317 1659 416 1693 Rufo
434 1666 605 1705 peractus
626 1666 688 1694 est.
713 1659 882 1694 Hominis
911 1659 1160 1694 nocentissimi
1179 1673 1325 1696 causam
1345 1662 1505 1708 suscepit
1523 1663 1575 1696 M.
1600 1664 1682 1697 An—

316 1719 456 1764 tonius,
470 1720 548 1766 ejus
563 1720 650 1755 olim
670 1727 842 1768 quaestor,
862 1727 897 1755 et
916 1728 995 1755 tum
1015 1722 1227 1768 eloquentia
1247 1735 1331 1767 sua,
1352 1730 1430 1758 tum
1449 1722 1558 1758 etiam
1575 1724 1682 1771 equi-

316 1788 393 1815 tum
418 1782 564 1826 favore,
596 1782 769 1817 obtinuit.
791 1783 846 1817 De
865 1783 937 1818 hoc
954 1782 1117 1828 judicio,
1137 1783 1309 1830 pluribus
1327 1785 1424 1820 infra
1438 1812 1448 1829 ,
1473 1797 1503 1819 c.
1530 1797 1680 1829 vani,

316 1840 460 1876 disserit
486 1842 671 1877 Antonius
694 1843 899 1890 Sulpicium
918 1845 1122 1891 alloquens.

367 1903 453 1937 cip.
476 1905 637 1938 XXVII.
663 1907 781 1951 Atque
798 1917 823 1939 a
842 1906 913 1940 reis
939 1905 1161 1950 deseruntur.
1189 1907 1233 1940 In
1252 1906 1324 1941 hoc
1344 1908 1428 1942 loco
1441 1933 1451 1951 ,
1470 1906 1592 1954 inquit
1608 1908 1680 1942 Er-

314 1963 426 2008 nesti,
453 1963 614 2010 primum
635 1965 763 2011 scripsi
781 1979 806 2000 a
830 1979 870 2001 re
892 1979 963 2012 pro
983 1979 1007 2000 α
1028 1967 1097 2000 reis
1121 1979 1139 2001 e
1158 1967 1264 2002 MSS.
1286 1968 1408 2002 Oxon.
1436 1974 1471 2002 et
1489 1969 1563 2002 Erl.
1584 1969 1677 2003 Nam

315 2036 393 2058 non
410 2024 464 2059 rei
477 2026 545 2060 soli
559 2026 750 2072 deferunt,
762 2027 826 2062 sed
848 2034 883 2061 et
901 2027 1097 2074 petitores,
1119 2035 1186 2063 etc.
1199 2042 1208 2072 ;
1220 2035 1255 2063 et
1269 2029 1399 2064 Cicero
1418 2028 1575 2064 libenter
1586 2041 1679 2063 con-

311 2084 433 2132 jungit
455 2099 531 2120 rem
551 2095 585 2121 et
601 2100 763 2122 causam.
783 2087 929 2122 Deinde
945 2088 1281 2135 interpunctionem
1301 2089 1488 2136 vulgatam
1507 2090 1675 2125 correxi:

314 2161 328 2175 α
340 2146 564 2192 deferuntur.
581 2149 712 2182 Altera
721 2156 774 2183 est
781 2161 794 2190 ;
811 2164 824 2179 υ
838 2161 923 2184 nam
941 2150 1011 2184 hoc
1025 2150 1183 2185 refertur
1196 2150 1242 2185 ad
1253 2150 1437 2196 superius,
1457 2164 1531 2185 una
1551 2164 1675 2186 earum

315 2218 454 2249 rerum;
483 2207 586 2254 quod
610 2208 815 2243 necessario
843 2209 1012 2257 sequitur
1036 2211 1149 2245 altera
1179 2210 1218 2245 in
1245 2211 1373 2245 eadem
1396 2211 1565 2258 periodo.
1594 2213 1672 2247 De-

312 2265 426 2314 nique
448 2267 567 2302 delevi
587 2277 659 2311 est,
691 2270 796 2315 quod
824 2270 953 2306 vitiose
977 2278 1116 2307 mutata
1145 2271 1399 2319 interpunctio
1429 2273 1673 2307 necessarium

312 2326 407 2362 fecit.
427 2349 478 2354 —
497 2329 689 2364 Schutzius
719 2330 767 2364 ait
794 2331 946 2367 fortasse
971 2332 1170 2380 legendum
1190 2345 1265 2367 esse
1286 2345 1293 2366 :
1317 2333 1393 2368 Sed
1407 2335 1461 2367 ad
1492 2342 1670 2368 oratorem

311 2400 391 2423 cum
410 2402 524 2424 causa
545 2403 569 2424 a
587 2391 655 2424 teir
674 2391 908 2436 deferuntum
935 2395 1056 2427 altera
1075 2406 1159 2440 qtzoe
1169 2420 1180 2435 ,
1210 2400 1278 2428 etc.

364 2450 428 2484 Ad
443 2463 585 2485 omnem
607 2463 708 2485 usum
728 2453 900 2487 similium
920 2466 1049 2488 rerum.
1070 2455 1120 2489 [t
1145 2461 1229 2489 ante
1256 2461 1454 2502 cognoscat
1478 2455 1670 2502 quomodo

312 2508 341 2544 is
359 2511 414 2544 uti
432 2511 565 2546 debeat
583 2512 621 2546 in
640 2513 755 2548 causis
775 2526 854 2561 quae
873 2515 969 2550 inter
987 2527 1023 2550 se
1048 2514 1181 2550 similes
1197 2522 1292 2551 sunt.
1307 2517 1406 2551 Lm.

364 2571 448 2607 CAP.
472 2574 651 2608 XXVIII.
672 2575 782 2609 Illam
806 2584 954 2622 partem
974 2577 1212 2623 superiorem.
1233 2576 1378 2612 Scilicet
1397 2589 1477 2623 quae
1506 2576 1667 2623 pertinet
