1843 3166
694 211 836 244 LIBER
869 210 930 243 111.
1416 206 1486 250 ²75

133 291 214 336 lius
228 294 355 336 etiam
373 294 477 337 illud
489 294 541 336 ab
559 294 758 337 AEschine
772 292 934 334 dictum
947 290 1079 334 videri
1096 292 1224 335 solet:
1243 293 1336 351 qui,
1353 307 1487 347 quum

137 382 314 432 propter
330 374 610 433 ignominiam
627 372 779 432 judicii
802 371 995 414 cessisset
1011 370 1212 425 Athenis,
1240 381 1283 414 et
1303 387 1346 413 se
1366 371 1488 413 Rho-

134 451 237 494 dum
260 452 528 506 contulisset,
558 461 734 511 rogatus
759 466 783 493 a
809 450 991 493 Rhodiis
1007 484 1019 503 ,
1050 447 1200 508 legisse
1226 449 1361 492 fertur
1388 465 1486 492 ora-

135 532 299 573 tionem
333 531 448 574 illam
472 531 709 591 egregiam,
745 546 873 589 quam
905 531 948 572 in
980 528 1305 587 Ctesiphontem
1335 538 1483 570 contra

133 611 469 654 Demosthenem
496 609 683 662 dixerat3
707 625 790 668 qua
815 608 1025 668 perlecta,
1052 608 1234 667 petitum
1267 615 1329 649 est
1357 606 1410 649 ab
1435 622 1484 648 eo

135 688 361 748 postridie,
391 698 438 732 ut
462 688 621 749 legeret
643 687 759 731 illam
784 690 932 743 etiam,
956 704 1048 747 quae
1065 697 1155 730 erat
1183 696 1334 730 contra
1356 702 1380 728 a
1395 688 1483 729 De·

132 769 352 812 mosthene
377 786 455 829 pro
476 769 757 829 Ctesiphonte
779 768 912 823 edita3
936 784 1064 827 quam
1081 783 1212 826 quum
1237 767 1484 809 suavissima

131 856 172 889 et
187 848 370 891 maxima
386 865 488 891 voce
503 848 694 908 legisset,
718 847 1032 890 admirantibus
1046 847 1244 889 omnibus
1258 880 1268 900 ,
1285 847 1486 902 Quanto,

133 927 297 985 inquit,
318 929 451 987 magis
471 927 809 981 admiraremini,
833 927 866 969 si
886 925 1108 968 audissetis
1130 925 1295 984 ipsum?
1315 927 1379 967 Ex
1399 940 1484 984 quo

131 1008 232 1049 satis
258 1007 536 1067 significavit,
566 1017 776 1066 quantum
799 1015 906 1049 esset
933 1006 977 1048 in
1011 1006 1197 1059 actione,
1223 1006 1295 1064 qui
1326 1005 1484 1048 oratio·

132 1102 230 1129 nem
254 1087 447 1130 eamdem
468 1086 593 1130 aliam
616 1103 704 1130 esse
730 1096 924 1146 putaret,
946 1095 1088 1129 actore
1107 1095 1286 1128 mutato.

195 1166 315 1222 Quid
336 1167 414 1210 fuit
442 1168 484 1209 in
515 1167 738 1222 Graccho,
760 1182 887 1225 quem
911 1176 978 1220 tu,
1011 1164 1188 1218 Catule,
1216 1163 1367 1207 melius
1390 1179 1481 1206 me-

131 1246 318 1301 ministi,
353 1246 469 1306 quod
498 1263 565 1289 me
593 1262 728 1306 puero
759 1255 982 1304 tantopere
1018 1243 1228 1287 ferretur?
1250 1262 1270 1283 <c
1291 1245 1392 1300 Quo
1415 1259 1482 1286 me

134 1328 301 1370 «miser
337 1326 586 1369 conferam?
626 1343 712 1385 quo
745 1325 941 1369 vertam?
976 1327 1026 1368 In
1064 1322 1408 1384 Capitoliumne?
1443 1333 1484 1365 at

133 1405 310 1449 «fratris
337 1407 544 1465 sanguine
571 1403 795 1448 redundat.
834 1407 901 1447 An
931 1403 1131 1446 domum?
1171 1412 1407 1444 matremne
1439 1411 1487 1444 ut

136 1505 156 1524 «
172 1486 371 1528 miseram
399 1485 789 1542 lamentantemque
820 1482 990 1525 videam
1013 1491 1054 1524 et
1079 1480 1354 1539 abjectam?›³
1377 1481 1486 1536 Quae

134 1566 194 1608 sic
218 1566 270 1607 ab
292 1564 365 1607 illo
387 1574 480 1608 acta
503 1580 594 1607 esse
628 1563 872 1616 constabat,
893 1560 1053 1614 oculis,
1075 1576 1197 1614 voce,
1223 1569 1363 1618 gestu,
1405 1560 1486 1601 ini-

131 1644 232 1686 mici
259 1653 307 1686 ut
330 1642 536 1702 lacrymas
565 1651 711 1684 tenere
735 1656 822 1682 non
843 1648 1027 1699 possent.
1062 1641 1162 1681 Haec
1186 1654 1236 1681 eo
1266 1638 1362 1681 dico
1388 1637 1484 1697 plu-

133 1723 272 1777 ribus,
293 1722 408 1782 quod
430 1738 560 1781 genus
580 1721 661 1763 hoc
681 1729 819 1762 totum
841 1728 1057 1773 oratores,
1083 1719 1157 1777 qui
1177 1727 1277 1760 sunt
1294 1718 1483 1760 veritatis

135 1790 279 1861 ipsius
303 1811 486 1856 actores,
511 1799 802 1859 reliquerunt3
833 1799 1068 1841 imitatores
1104 1806 1248 1840 autem
1271 1797 1483 1850 veritatis,

134 1882 382 1936 histriones,
408 1889 738 1940 occupaverunt.

196 1961 332 2003 LVII.
369 1963 430 2003 Ac
458 1960 548 2002 sine
575 1958 706 2001 dubio
736 1958 779 2000 in
808 1958 924 2000 omni
951 1973 996 2000 re
1032 1956 1165 1999 vincit
1198 1956 1481 1998 imitationem

135 2041 291 2082 veritas
310 2056 319 2082 ε
350 2039 422 2082 sed
448 2055 495 2081 ea
515 2039 549 2081 si
571 2038 669 2080 satis
695 2038 738 2079 in
760 2038 929 2080 actione
947 2036 1133 2080 efficeret
1152 2037 1242 2095 ipsa
1270 2051 1345 2094 per
1370 2051 1482 2090 sese,

135 2128 225 2161 arte
254 2118 446 2178 profecto
473 2134 559 2161 non
582 2132 815 2177 egeremus.
843 2117 1007 2159 Verum
1036 2116 1137 2174 quia
1160 2116 1291 2158 animi
1314 2131 1482 2174 permo-

136 2199 220 2253 tio,
244 2214 337 2257 quae
362 2198 544 2240 maxime
565 2206 639 2240 aut
657 2195 930 2250 declaranda,
950 2205 1024 2239 aut
1038 2194 1245 2238 imitanda
1268 2203 1330 2238 est
1352 2195 1484 2238 actio-

137 2295 214 2333 ne,
252 2277 502 2337 perturbata
534 2294 641 2336 saepe
676 2278 734 2319 ita
768 2285 854 2331 est,
891 2285 939 2318 ut
974 2276 1239 2329 obscuretur,
1277 2290 1325 2317 ac
1366 2290 1484 2333 paene

139 2358 363 2411 obruatur,
393 2355 658 2399 discutienda
695 2365 795 2399 sunt
831 2371 905 2411 ea,
933 2371 1027 2414 quae
1063 2355 1316 2408 obscurant,
1347 2363 1389 2396 et
1415 2370 1484 2408 ea,

141 2454 234 2496 quae
255 2446 356 2480 sunt
383 2437 612 2479 eminentia
637 2446 678 2479 et
704 2445 893 2496 promta,
921 2434 1137 2478 sumenda.

203 2518 356 2560 Omnis
393 2517 507 2558 enim
547 2525 689 2558 motus
717 2515 846 2558 animi
872 2530 997 2558 suum
1030 2513 1258 2574 quemdam
1283 2528 1305 2554 a
1330 2520 1483 2554 natura

140 2597 271 2641 hahet
297 2595 490 2652 vultum,
520 2605 559 2640 et
586 2612 759 2649 sonum,
794 2605 835 2638 et
866 2604 1049 2655 gestum3
1083 2604 1305 2652 totumque
1330 2607 1484 2651 corpus

1253 2672 1316 2714 18.
