<?xml version="1.0" encoding="UTF-8"?>
<!DOCTYPE html PUBLIC "-//W3C//DTD XHTML 1.0 Transitional//EN"
    "http://www.w3.org/TR/xhtml1/DTD/xhtml1-transitional.dtd">
<html xmlns="http://www.w3.org/1999/xhtml" xml:lang="en" lang="en">
 <head>
  <title>
</title>
<meta http-equiv="Content-Type" content="text/html;charset=utf-8" />
  <meta name='ocr-system' content='tesseract 3.04.00' />
  <meta name='ocr-capabilities' content='ocr_page ocr_carea ocr_par ocr_line ocrx_word'/>
</head>
<body>
  <div class='ocr_page' id='page_1' title='image "./deoratorelibritr00ciceuoft_0150.png"; bbox 0 0 1843 3166; ppageno 0'>
   <div class='ocr_carea' id='block_1_1' title="bbox 303 161 1694 2579">
    <p class='ocr_par' dir='ltr' id='par_1_1' title="bbox 324 161 1168 203">
     <span class='ocr_line' id='line_1_1' title="bbox 324 161 1168 203; baseline 0 -8"><span class='ocrx_word' id='word_1_1' title='bbox 324 166 391 203; x_wconf 60' lang='lat'><strong>140</strong></span> <span class='ocrx_word' id='word_1_2' title='bbox 840 162 902 196; x_wconf 75' lang='lat' dir='ltr'><strong>DE</strong></span> <span class='ocrx_word' id='word_1_3' title='bbox 933 161 1168 197; x_wconf 72' lang='lat' dir='ltr'><strong>ORATORE</strong></span> 
     </span>
    </p>

    <p class='ocr_par' dir='ltr' id='par_1_2' title="bbox 319 245 1688 875">
     <span class='ocr_line' id='line_1_2' title="bbox 382 245 1685 306; baseline -0.003 -16"><span class='ocrx_word' id='word_1_4' title='bbox 382 247 496 290; x_wconf 84' lang='lat' dir='ltr'>XLI.</span> <span class='ocrx_word' id='word_1_5' title='bbox 533 248 658 301; x_wconf 82' lang='lat' dir='ltr'><strong>Haec,</strong></span> <span class='ocrx_word' id='word_1_6' title='bbox 689 257 736 290; x_wconf 86' lang='lat' dir='ltr'><strong>nt</strong></span> <span class='ocrx_word' id='word_1_7' title='bbox 768 246 1017 291; x_wconf 87' lang='lat' dir='ltr'><strong>brevissime</strong></span> <span class='ocrx_word' id='word_1_8' title='bbox 1047 246 1130 290; x_wconf 85' lang='lat' dir='ltr'><strong>(lici</strong></span> <span class='ocrx_word' id='word_1_9' title='bbox 1167 254 1432 306; x_wconf 83' lang='lat' dir='ltr'><strong>potuerunt,</strong></span> <span class='ocrx_word' id='word_1_10' title='bbox 1472 245 1528 288; x_wconf 83' lang='lat' dir='ltr'><strong>ita</strong></span> <span class='ocrx_word' id='word_1_11' title='bbox 1563 263 1586 288; x_wconf 81' lang='lat' dir='ltr'><strong>a</strong></span> <span class='ocrx_word' id='word_1_12' title='bbox 1618 262 1685 288; x_wconf 78' lang='lat' dir='ltr'><strong>me</strong></span> 
     </span>
     <span class='ocr_line' id='line_1_3' title="bbox 319 324 1682 387; baseline -0.001 -17"><span class='ocrx_word' id='word_1_13' title='bbox 319 329 433 373; x_wconf 75' lang='lat' dir='ltr'><strong>(licta</strong></span> <span class='ocrx_word' id='word_1_14' title='bbox 455 338 566 372; x_wconf 82' lang='lat' dir='ltr'><strong>sunt.</strong></span> <span class='ocrx_word' id='word_1_15' title='bbox 598 331 658 372; x_wconf 83' lang='lat' dir='ltr'><strong>Ut</strong></span> <span class='ocrx_word' id='word_1_16' title='bbox 672 330 785 372; x_wconf 87' lang='lat' dir='ltr'><strong>enim</strong></span> <span class='ocrx_word' id='word_1_17' title='bbox 799 329 830 371; x_wconf 87' lang='lat' dir='ltr'><strong>si</strong></span> <span class='ocrx_word' id='word_1_18' title='bbox 854 345 1007 373; x_wconf 87' lang='lat' dir='ltr'><strong>aurum</strong></span> <span class='ocrx_word' id='word_1_19' title='bbox 1027 330 1117 383; x_wconf 83' lang='lat' dir='ltr'><strong>cui,</strong></span> <span class='ocrx_word' id='word_1_20' title='bbox 1136 327 1252 387; x_wconf 86' lang='lat' dir='ltr'><strong>quod</strong></span> <span class='ocrx_word' id='word_1_21' title='bbox 1273 336 1382 370; x_wconf 87' lang='lat' dir='ltr'><strong>esset</strong></span> <span class='ocrx_word' id='word_1_22' title='bbox 1404 324 1682 370; x_wconf 86' lang='lat' dir='ltr'><strong>multifariam</strong></span> 
     </span>
     <span class='ocr_line' id='line_1_4' title="bbox 319 406 1684 464; baseline -0.002 -12"><span class='ocrx_word' id='word_1_23' title='bbox 319 408 556 463; x_wconf 78' lang='lat' dir='ltr'><strong>defossum,</strong></span> <span class='ocrx_word' id='word_1_24' title='bbox 582 419 926 454; x_wconf 77' lang='lat' dir='ltr'>commonstrare</span> <span class='ocrx_word' id='word_1_25' title='bbox 956 408 1108 453; x_wconf 87' lang='lat' dir='ltr'><strong>vellem</strong></span> <span class='ocrx_word' id='word_1_26' title='bbox 1127 443 1139 464; x_wconf 80' lang='grc'>,</span> <span class='ocrx_word' id='word_1_27' title='bbox 1172 408 1275 452; x_wconf 87' lang='lat' dir='ltr'><strong>satis</strong></span> <span class='ocrx_word' id='word_1_28' title='bbox 1303 424 1394 451; x_wconf 88' lang='lat' dir='ltr'><strong>esse</strong></span> <span class='ocrx_word' id='word_1_29' title='bbox 1425 406 1621 462; x_wconf 79' lang='lat' dir='ltr'><strong>deberet,</strong></span> <span class='ocrx_word' id='word_1_30' title='bbox 1652 408 1684 450; x_wconf 90' lang='lat' dir='ltr'><strong>si</strong></span> 
     </span>
     <span class='ocr_line' id='line_1_5' title="bbox 320 487 1687 551; baseline -0.002 -18"><span class='ocrx_word' id='word_1_31' title='bbox 320 490 442 551; x_wconf 86' lang='lat' dir='ltr'><strong>signa</strong></span> <span class='ocrx_word' id='word_1_32' title='bbox 469 500 512 534; x_wconf 88' lang='lat' dir='ltr'><strong>et</strong></span> <span class='ocrx_word' id='word_1_33' title='bbox 538 500 661 534; x_wconf 86' lang='lat' dir='ltr'><strong>notas</strong></span> <span class='ocrx_word' id='word_1_34' title='bbox 683 491 952 535; x_wconf 81' lang='lat' dir='ltr'><strong>ostenderem</strong></span> <span class='ocrx_word' id='word_1_35' title='bbox 978 490 1198 547; x_wconf 82' lang='lat' dir='ltr'><strong>locorum,</strong></span> <span class='ocrx_word' id='word_1_36' title='bbox 1218 489 1378 550; x_wconf 90' lang='lat' dir='ltr'><strong>quibus</strong></span> <span class='ocrx_word' id='word_1_37' title='bbox 1405 489 1590 549; x_wconf 81' lang='lat' dir='ltr'><strong>cognitis</strong></span> <span class='ocrx_word' id='word_1_38' title='bbox 1617 487 1687 531; x_wconf 80' lang='lat' dir='ltr'><strong>ille</strong></span> 
     </span>
     <span class='ocr_line' id='line_1_6' title="bbox 320 567 1684 632; baseline -0.001 -19"><span class='ocrx_word' id='word_1_39' title='bbox 320 570 399 614; x_wconf 85' lang='lat' dir='ltr'><strong>sibi</strong></span> <span class='ocrx_word' id='word_1_40' title='bbox 418 571 507 631; x_wconf 88' lang='lat' dir='ltr'><strong>ipse</strong></span> <span class='ocrx_word' id='word_1_41' title='bbox 521 571 712 627; x_wconf 80' lang='lat' dir='ltr'><strong>foderet,</strong></span> <span class='ocrx_word' id='word_1_42' title='bbox 733 581 775 616; x_wconf 87' lang='lat' dir='ltr'><strong>et</strong></span> <span class='ocrx_word' id='word_1_43' title='bbox 794 571 857 627; x_wconf 85' lang='lat' dir='ltr'><strong>id,</strong></span> <span class='ocrx_word' id='word_1_44' title='bbox 880 570 1155 632; x_wconf 88' lang='lat' dir='ltr'><strong>quodvellet‚</strong></span> <span class='ocrx_word' id='word_1_45' title='bbox 1172 569 1354 631; x_wconf 88' lang='lat' dir='ltr'><strong>parvulo</strong></span> <span class='ocrx_word' id='word_1_46' title='bbox 1370 569 1539 624; x_wconf 86' lang='lat' dir='ltr'><strong>labore,</strong></span> <span class='ocrx_word' id='word_1_47' title='bbox 1562 567 1684 612; x_wconf 91' lang='lat' dir='ltr'><strong>nullo</strong></span> 
     </span>
     <span class='ocr_line' id='line_1_7' title="bbox 321 652 1687 714; baseline -0.001 -19"><span class='ocrx_word' id='word_1_48' title='bbox 321 668 488 707; x_wconf 86' lang='lat' dir='ltr'><strong>errore,</strong></span> <span class='ocrx_word' id='word_1_49' title='bbox 512 653 727 697; x_wconf 85' lang='lat' dir='ltr'><strong>inveniret</strong></span> <span class='ocrx_word' id='word_1_50' title='bbox 745 670 753 697; x_wconf 91' lang='lat'>:</span> <span class='ocrx_word' id='word_1_51' title='bbox 771 654 831 696; x_wconf 86' lang='lat' dir='ltr'><strong>sie</strong></span> <span class='ocrx_word' id='word_1_52' title='bbox 847 653 923 696; x_wconf 88' lang='lat' dir='ltr'><strong>has</strong></span> <span class='ocrx_word' id='word_1_53' title='bbox 938 669 1019 714; x_wconf 84' lang='lat' dir='ltr'><strong>ego</strong></span> <span class='ocrx_word' id='word_1_54' title='bbox 1037 661 1399 713; x_wconf 74' lang='lat' dir='ltr'><strong>argutiientorum</strong></span> <span class='ocrx_word' id='word_1_55' title='bbox 1421 652 1520 694; x_wconf 86' lang='lat' dir='ltr'><strong>novi</strong></span> <span class='ocrx_word' id='word_1_56' title='bbox 1539 660 1663 694; x_wconf 88' lang='lat' dir='ltr'><strong>notas</strong></span> <span class='ocrx_word' id='word_1_57' title='bbox 1676 685 1687 705; x_wconf 80' lang='lat'>,</span> 
     </span>
     <span class='ocr_line' id='line_1_8' title="bbox 321 731 1688 795; baseline 0 -20"><span class='ocrx_word' id='word_1_58' title='bbox 321 749 415 792; x_wconf 81' lang='lat' dir='ltr'><strong>quae</strong></span> <span class='ocrx_word' id='word_1_59' title='bbox 440 732 508 777; x_wconf 81' lang='lat' dir='ltr'><strong>illa</strong></span> <span class='ocrx_word' id='word_1_60' title='bbox 535 734 641 777; x_wconf 87' lang='lat' dir='ltr'><strong>mihi</strong></span> <span class='ocrx_word' id='word_1_61' title='bbox 666 736 876 795; x_wconf 77' lang='lat' dir='ltr'><strong>quaerenti</strong></span> <span class='ocrx_word' id='word_1_62' title='bbox 910 734 1230 790; x_wconf 77' lang='lat' dir='ltr'><strong>demonstrant,</strong></span> <span class='ocrx_word' id='word_1_63' title='bbox 1259 732 1331 776; x_wconf 92' lang='lat' dir='ltr'><strong>ubi</strong></span> <span class='ocrx_word' id='word_1_64' title='bbox 1362 733 1470 790; x_wconf 77' lang='lat' dir='ltr'><strong>sint3</strong></span> <span class='ocrx_word' id='word_1_65' title='bbox 1498 731 1688 792; x_wconf 76' lang='lat' dir='ltr'><strong>reliqua,</strong></span> 
     </span>
     <span class='ocr_line' id='line_1_9' title="bbox 320 815 1026 875; baseline 0.001 -18"><span class='ocrx_word' id='word_1_66' title='bbox 320 830 423 857; x_wconf 80' lang='lat' dir='ltr'><strong>eura</strong></span> <span class='ocrx_word' id='word_1_67' title='bbox 449 824 493 858; x_wconf 89' lang='lat' dir='ltr'><strong>et</strong></span> <span class='ocrx_word' id='word_1_68' title='bbox 515 815 778 875; x_wconf 84' lang='lat' dir='ltr'><strong>cogitatione</strong></span> <span class='ocrx_word' id='word_1_69' title='bbox 799 824 1026 859; x_wconf 85' lang='lat' dir='ltr'><strong>eruuntur.</strong></span> 
     </span>
    </p>

    <p class='ocr_par' dir='ltr' id='par_1_3' title="bbox 321 895 1692 1607">
     <span class='ocr_line' id='line_1_10' title="bbox 386 895 1686 957; baseline 0 -18"><span class='ocrx_word' id='word_1_70' title='bbox 386 895 518 952; x_wconf 88' lang='lat' dir='ltr'><strong>Quod</strong></span> <span class='ocrx_word' id='word_1_71' title='bbox 545 905 690 939; x_wconf 82' lang='lat' dir='ltr'><strong>autem</strong></span> <span class='ocrx_word' id='word_1_72' title='bbox 717 906 1075 957; x_wconf 85' lang='lat' dir='ltr'><strong>argumentorum</strong></span> <span class='ocrx_word' id='word_1_73' title='bbox 1103 912 1239 957; x_wconf 83' lang='lat' dir='ltr'><strong>genus</strong></span> <span class='ocrx_word' id='word_1_74' title='bbox 1268 898 1427 957; x_wconf 87' lang='lat' dir='ltr'><strong>cuique</strong></span> <span class='ocrx_word' id='word_1_75' title='bbox 1458 913 1686 940; x_wconf 85' lang='lat' dir='ltr'><strong>causarum</strong></span> 
     </span>
     <span class='ocr_line' id='line_1_11' title="bbox 321 978 1692 1039; baseline 0.001 -19"><span class='ocrx_word' id='word_1_76' title='bbox 321 978 469 1037; x_wconf 81' lang='lat' dir='ltr'><strong>generi</strong></span> <span class='ocrx_word' id='word_1_77' title='bbox 499 979 685 1021; x_wconf 82' lang='lat' dir='ltr'><strong>maxime</strong></span> <span class='ocrx_word' id='word_1_78' title='bbox 712 979 969 1034; x_wconf 80' lang='lat' dir='ltr'><strong>conveniat,</strong></span> <span class='ocrx_word' id='word_1_79' title='bbox 1000 995 1088 1021; x_wconf 92' lang='lat' dir='ltr'><strong>non</strong></span> <span class='ocrx_word' id='word_1_80' title='bbox 1121 989 1184 1022; x_wconf 81' lang='lat' dir='ltr'><strong>est</strong></span> <span class='ocrx_word' id='word_1_81' title='bbox 1207 980 1311 1022; x_wconf 85' lang='lat' dir='ltr'><strong>artis</strong></span> <span class='ocrx_word' id='word_1_82' title='bbox 1342 979 1563 1039; x_wconf 73' lang='lat' dir='ltr'><strong>exquisitae</strong></span> <span class='ocrx_word' id='word_1_83' title='bbox 1585 995 1692 1038; x_wconf 84' lang='lat' dir='ltr'><strong>prae—</strong></span> 
     </span>
     <span class='ocr_line' id='line_1_12' title="bbox 321 1057 1690 1119; baseline 0.001 -19"><span class='ocrx_word' id='word_1_84' title='bbox 321 1057 531 1113; x_wconf 81' lang='lat' dir='ltr'><strong>scribere,</strong></span> <span class='ocrx_word' id='word_1_85' title='bbox 552 1057 627 1101; x_wconf 88' lang='lat' dir='ltr'><strong>sed</strong></span> <span class='ocrx_word' id='word_1_86' title='bbox 651 1068 715 1102; x_wconf 88' lang='lat' dir='ltr'><strong>est</strong></span> <span class='ocrx_word' id='word_1_87' title='bbox 739 1058 970 1102; x_wconf 89' lang='lat' dir='ltr'><strong>mediocris</strong></span> <span class='ocrx_word' id='word_1_88' title='bbox 990 1059 1153 1119; x_wconf 84' lang='lat' dir='ltr'><strong>ingenii</strong></span> <span class='ocrx_word' id='word_1_89' title='bbox 1168 1058 1381 1119; x_wconf 86' lang='lat' dir='ltr'><strong>judicare.</strong></span> <span class='ocrx_word' id='word_1_90' title='bbox 1401 1060 1557 1119; x_wconf 87' lang='lat' dir='ltr'><strong>Neque</strong></span> <span class='ocrx_word' id='word_1_91' title='bbox 1576 1060 1690 1102; x_wconf 89' lang='lat' dir='ltr'><strong>enim</strong></span> 
     </span>
     <span class='ocr_line' id='line_1_13' title="bbox 322 1138 1690 1201; baseline 0.003 -21"><span class='ocrx_word' id='word_1_92' title='bbox 322 1155 437 1182; x_wconf 87' lang='lat' dir='ltr'><strong>nunc</strong></span> <span class='ocrx_word' id='word_1_93' title='bbox 459 1138 502 1181; x_wconf 89' lang='lat' dir='ltr'><strong>id</strong></span> <span class='ocrx_word' id='word_1_94' title='bbox 519 1139 708 1199; x_wconf 84' lang='lat' dir='ltr'><strong>agimus,</strong></span> <span class='ocrx_word' id='word_1_95' title='bbox 733 1148 782 1183; x_wconf 88' lang='lat' dir='ltr'><strong>ut</strong></span> <span class='ocrx_word' id='word_1_96' title='bbox 808 1149 947 1184; x_wconf 83' lang='lat' dir='ltr'><strong>artem</strong></span> <span class='ocrx_word' id='word_1_97' title='bbox 976 1138 1168 1200; x_wconf 78' lang='lat' dir='ltr'><strong>aliquam</strong></span> <span class='ocrx_word' id='word_1_98' title='bbox 1196 1139 1367 1183; x_wconf 88' lang='lat' dir='ltr'><strong>dicendi</strong></span> <span class='ocrx_word' id='word_1_99' title='bbox 1397 1140 1662 1201; x_wconf 79' lang='lat' dir='ltr'><strong>explicemus</strong></span> <span class='ocrx_word' id='word_1_100' title='bbox 1679 1176 1690 1197; x_wconf 85' lang='lat'>‚</span> 
     </span>
     <span class='ocr_line' id='line_1_14' title="bbox 321 1219 1687 1281; baseline 0.001 -19"><span class='ocrx_word' id='word_1_101' title='bbox 321 1219 393 1263; x_wconf 85' lang='lat' dir='ltr'><strong>sed</strong></span> <span class='ocrx_word' id='word_1_102' title='bbox 418 1229 467 1263; x_wconf 90' lang='lat' dir='ltr'><strong>ut</strong></span> <span class='ocrx_word' id='word_1_103' title='bbox 494 1220 754 1264; x_wconf 86' lang='lat' dir='ltr'><strong>doctissimis</strong></span> <span class='ocrx_word' id='word_1_104' title='bbox 778 1221 1029 1264; x_wconf 84' lang='lat' dir='ltr'><strong>hominibus</strong></span> <span class='ocrx_word' id='word_1_105' title='bbox 1056 1237 1157 1264; x_wconf 89' lang='lat' dir='ltr'><strong>usus</strong></span> <span class='ocrx_word' id='word_1_106' title='bbox 1184 1222 1321 1264; x_wconf 82' lang='lat' dir='ltr'><strong>nostri</strong></span> <span class='ocrx_word' id='word_1_107' title='bbox 1346 1222 1468 1281; x_wconf 81' lang='lat' dir='ltr'><strong>quasi</strong></span> <span class='ocrx_word' id='word_1_108' title='bbox 1493 1220 1687 1281; x_wconf 80' lang='lat' dir='ltr'><strong>quaedam</strong></span> 
     </span>
     <span class='ocr_line' id='line_1_15' title="bbox 322 1301 1690 1364; baseline 0.001 -20"><span class='ocrx_word' id='word_1_109' title='bbox 322 1302 487 1345; x_wconf 85' lang='lat' dir='ltr'><strong>monita</strong></span> <span class='ocrx_word' id='word_1_110' title='bbox 502 1301 736 1346; x_wconf 84' lang='lat' dir='ltr'><strong>tradamus.</strong></span> <span class='ocrx_word' id='word_1_111' title='bbox 758 1303 836 1346; x_wconf 88' lang='lat' dir='ltr'><strong>His</strong></span> <span class='ocrx_word' id='word_1_112' title='bbox 854 1302 987 1364; x_wconf 85' lang='lat' dir='ltr'><strong>igitur</strong></span> <span class='ocrx_word' id='word_1_113' title='bbox 1008 1301 1112 1346; x_wconf 90' lang='lat' dir='ltr'><strong>locis</strong></span> <span class='ocrx_word' id='word_1_114' title='bbox 1134 1302 1178 1345; x_wconf 91' lang='lat' dir='ltr'><strong>in</strong></span> <span class='ocrx_word' id='word_1_115' title='bbox 1206 1312 1350 1346; x_wconf 89' lang='lat' dir='ltr'><strong>mente</strong></span> <span class='ocrx_word' id='word_1_116' title='bbox 1366 1311 1408 1346; x_wconf 88' lang='lat' dir='ltr'><strong>et</strong></span> <span class='ocrx_word' id='word_1_117' title='bbox 1424 1303 1690 1364; x_wconf 84' lang='lat' dir='ltr'><strong>cogitatione</strong></span> 
     </span>
     <span class='ocr_line' id='line_1_16' title="bbox 323 1382 1687 1444; baseline 0.001 -19"><span class='ocrx_word' id='word_1_118' title='bbox 323 1382 497 1439; x_wconf 79' lang='lat' dir='ltr'><strong>defixis,</strong></span> <span class='ocrx_word' id='word_1_119' title='bbox 525 1391 568 1426; x_wconf 90' lang='lat' dir='ltr'><strong>et</strong></span> <span class='ocrx_word' id='word_1_120' title='bbox 591 1383 634 1425; x_wconf 90' lang='lat' dir='ltr'><strong>in</strong></span> <span class='ocrx_word' id='word_1_121' title='bbox 648 1383 768 1426; x_wconf 88' lang='lat' dir='ltr'><strong>omni</strong></span> <span class='ocrx_word' id='word_1_122' title='bbox 783 1399 830 1426; x_wconf 86' lang='lat' dir='ltr'><strong>re</strong></span> <span class='ocrx_word' id='word_1_123' title='bbox 846 1382 900 1426; x_wconf 89' lang='lat' dir='ltr'><strong>ad</strong></span> <span class='ocrx_word' id='word_1_124' title='bbox 918 1382 1152 1427; x_wconf 84' lang='lat' dir='ltr'><strong>dicendum</strong></span> <span class='ocrx_word' id='word_1_125' title='bbox 1171 1384 1311 1444; x_wconf 84' lang='lat' dir='ltr'><strong>posita</strong></span> <span class='ocrx_word' id='word_1_126' title='bbox 1331 1384 1526 1427; x_wconf 85' lang='lat' dir='ltr'><strong>excitatis</strong></span> <span class='ocrx_word' id='word_1_127' title='bbox 1543 1419 1552 1438; x_wconf 87' lang='lat'>,</span> <span class='ocrx_word' id='word_1_128' title='bbox 1578 1382 1687 1426; x_wconf 89' lang='lat' dir='ltr'><strong>nihil</strong></span> 
     </span>
     <span class='ocr_line' id='line_1_17' title="bbox 324 1462 1691 1525; baseline 0.001 -20"><span class='ocrx_word' id='word_1_129' title='bbox 324 1463 423 1519; x_wconf 83' lang='lat' dir='ltr'><strong>erit,</strong></span> <span class='ocrx_word' id='word_1_130' title='bbox 448 1462 566 1523; x_wconf 93' lang='lat' dir='ltr'><strong>quod</strong></span> <span class='ocrx_word' id='word_1_131' title='bbox 586 1473 805 1507; x_wconf 84' lang='lat' dir='ltr'><strong>oratorem</strong></span> <span class='ocrx_word' id='word_1_132' title='bbox 834 1463 1026 1525; x_wconf 79' lang='lat' dir='ltr'><strong>effugere</strong></span> <span class='ocrx_word' id='word_1_133' title='bbox 1045 1464 1182 1525; x_wconf 88' lang='lat' dir='ltr'><strong>possit</strong></span> <span class='ocrx_word' id='word_1_134' title='bbox 1198 1499 1209 1519; x_wconf 82' lang='lat'>‚</span> <span class='ocrx_word' id='word_1_135' title='bbox 1239 1481 1326 1508; x_wconf 91' lang='lat' dir='ltr'><strong>non</strong></span> <span class='ocrx_word' id='word_1_136' title='bbox 1344 1464 1474 1508; x_wconf 89' lang='lat' dir='ltr'><strong>modo</strong></span> <span class='ocrx_word' id='word_1_137' title='bbox 1490 1465 1532 1507; x_wconf 89' lang='lat' dir='ltr'><strong>in</strong></span> <span class='ocrx_word' id='word_1_138' title='bbox 1551 1464 1691 1508; x_wconf 85' lang='lat' dir='ltr'><strong>soren-</strong></span> 
     </span>
     <span class='ocr_line' id='line_1_18' title="bbox 325 1544 1689 1607; baseline 0.001 -20"><span class='ocrx_word' id='word_1_139' title='bbox 325 1544 441 1588; x_wconf 87' lang='lat' dir='ltr'><strong>sibus</strong></span> <span class='ocrx_word' id='word_1_140' title='bbox 454 1544 837 1605; x_wconf 84' lang='lat' dir='ltr'><strong>disceptationibus</strong></span> <span class='ocrx_word' id='word_1_141' title='bbox 850 1579 861 1601; x_wconf 82' lang='lat'><strong>‚</strong></span> <span class='ocrx_word' id='word_1_142' title='bbox 879 1544 954 1589; x_wconf 88' lang='lat' dir='ltr'><strong>sed</strong></span> <span class='ocrx_word' id='word_1_143' title='bbox 970 1546 1149 1588; x_wconf 90' lang='lat' dir='ltr'><strong>omnino</strong></span> <span class='ocrx_word' id='word_1_144' title='bbox 1167 1546 1211 1589; x_wconf 93' lang='lat' dir='ltr'><strong>in</strong></span> <span class='ocrx_word' id='word_1_145' title='bbox 1228 1544 1316 1589; x_wconf 91' lang='lat' dir='ltr'><strong>ullo</strong></span> <span class='ocrx_word' id='word_1_146' title='bbox 1333 1562 1490 1607; x_wconf 81' lang='lat' dir='ltr'><strong>genere</strong></span> <span class='ocrx_word' id='word_1_147' title='bbox 1503 1546 1689 1590; x_wconf 77' lang='lat' dir='ltr'><strong>dicendi.</strong></span> 
     </span>
    </p>

    <p class='ocr_par' dir='ltr' id='par_1_4' title="bbox 323 1625 1691 1931">
     <span class='ocr_line' id='line_1_19' title="bbox 389 1625 1687 1688; baseline 0.003 -20"><span class='ocrx_word' id='word_1_148' title='bbox 389 1626 433 1669; x_wconf 89' lang='lat' dir='ltr'><strong>Si</strong></span> <span class='ocrx_word' id='word_1_149' title='bbox 462 1642 564 1669; x_wconf 85' lang='lat' dir='ltr'><strong>vero</strong></span> <span class='ocrx_word' id='word_1_150' title='bbox 581 1636 851 1687; x_wconf 87' lang='lat' dir='ltr'><strong>assequetur,</strong></span> <span class='ocrx_word' id='word_1_151' title='bbox 878 1636 925 1670; x_wconf 82' lang='lat' dir='ltr'><strong>ut</strong></span> <span class='ocrx_word' id='word_1_152' title='bbox 946 1625 1042 1670; x_wconf 83' lang='lat' dir='ltr'><strong>talis</strong></span> <span class='ocrx_word' id='word_1_153' title='bbox 1058 1626 1271 1683; x_wconf 83' lang='lat' dir='ltr'><strong>videatur,</strong></span> <span class='ocrx_word' id='word_1_154' title='bbox 1293 1627 1462 1688; x_wconf 89' lang='lat' dir='ltr'><strong>qualem</strong></span> <span class='ocrx_word' id='word_1_155' title='bbox 1484 1646 1527 1672; x_wconf 84' lang='lat' dir='ltr'><strong>se</strong></span> <span class='ocrx_word' id='word_1_156' title='bbox 1553 1628 1687 1672; x_wconf 86' lang='lat' dir='ltr'><strong>videri</strong></span> 
     </span>
     <span class='ocr_line' id='line_1_20' title="bbox 323 1706 1691 1771; baseline 0.003 -21"><span class='ocrx_word' id='word_1_157' title='bbox 323 1706 449 1763; x_wconf 86' lang='lat' dir='ltr'><strong>velit,</strong></span> <span class='ocrx_word' id='word_1_158' title='bbox 474 1717 517 1751; x_wconf 92' lang='lat' dir='ltr'><strong>et</strong></span> <span class='ocrx_word' id='word_1_159' title='bbox 544 1708 712 1751; x_wconf 86' lang='lat' dir='ltr'><strong>animos</strong></span> <span class='ocrx_word' id='word_1_160' title='bbox 738 1724 890 1751; x_wconf 87' lang='lat' dir='ltr'><strong>eorum</strong></span> <span class='ocrx_word' id='word_1_161' title='bbox 919 1708 978 1751; x_wconf 84' lang='lat' dir='ltr'><strong>ita</strong></span> <span class='ocrx_word' id='word_1_162' title='bbox 1005 1706 1184 1764; x_wconf 81' lang='lat' dir='ltr'><strong>afficiat,</strong></span> <span class='ocrx_word' id='word_1_163' title='bbox 1214 1708 1329 1770; x_wconf 86' lang='lat' dir='ltr'><strong>apud</strong></span> <span class='ocrx_word' id='word_1_164' title='bbox 1361 1725 1470 1769; x_wconf 87' lang='lat' dir='ltr'><strong>quos</strong></span> <span class='ocrx_word' id='word_1_165' title='bbox 1495 1719 1618 1771; x_wconf 80' lang='lat' dir='ltr'><strong>aget,</strong></span> <span class='ocrx_word' id='word_1_166' title='bbox 1644 1720 1691 1754; x_wconf 89' lang='lat' dir='ltr'><strong>ut</strong></span> 
     </span>
     <span class='ocr_line' id='line_1_21' title="bbox 324 1787 1691 1852; baseline 0.004 -22"><span class='ocrx_word' id='word_1_167' title='bbox 324 1804 418 1844; x_wconf 83' lang='lat' dir='ltr'><strong>eos,</strong></span> <span class='ocrx_word' id='word_1_168' title='bbox 449 1805 726 1848; x_wconf 85' lang='lat' dir='ltr'><strong>quocumque</strong></span> <span class='ocrx_word' id='word_1_169' title='bbox 762 1787 894 1844; x_wconf 85' lang='lat' dir='ltr'><strong>velit,</strong></span> <span class='ocrx_word' id='word_1_170' title='bbox 930 1787 997 1832; x_wconf 93' lang='lat' dir='ltr'><strong>vel</strong></span> <span class='ocrx_word' id='word_1_171' title='bbox 1026 1789 1216 1846; x_wconf 68' lang='lat' dir='ltr'><strong>trahere7</strong></span> <span class='ocrx_word' id='word_1_172' title='bbox 1249 1788 1315 1833; x_wconf 89' lang='lat' dir='ltr'><strong>vel</strong></span> <span class='ocrx_word' id='word_1_173' title='bbox 1348 1807 1499 1851; x_wconf 86' lang='lat' dir='ltr'><strong>rapere</strong></span> <span class='ocrx_word' id='word_1_174' title='bbox 1530 1792 1691 1852; x_wconf 83' lang='lat' dir='ltr'><strong>possit;</strong></span> 
     </span>
     <span class='ocr_line' id='line_1_22' title="bbox 326 1868 1466 1931; baseline 0.002 -19"><span class='ocrx_word' id='word_1_175' title='bbox 326 1868 432 1912; x_wconf 82' lang='lat' dir='ltr'><strong>nihil</strong></span> <span class='ocrx_word' id='word_1_176' title='bbox 460 1869 652 1929; x_wconf 87' lang='lat' dir='ltr'><strong>profecto</strong></span> <span class='ocrx_word' id='word_1_177' title='bbox 677 1881 886 1930; x_wconf 69' lang='lat' dir='ltr'><strong>praeterea</strong></span> <span class='ocrx_word' id='word_1_178' title='bbox 914 1870 967 1914; x_wconf 85' lang='lat' dir='ltr'><strong>ad</strong></span> <span class='ocrx_word' id='word_1_179' title='bbox 998 1869 1231 1914; x_wconf 85' lang='lat' dir='ltr'><strong>dicendum</strong></span> <span class='ocrx_word' id='word_1_180' title='bbox 1261 1872 1466 1931; x_wconf 63' lang='lat' dir='ltr'><strong>requiret⁸</strong></span> 
     </span>
    </p>

    <p class='ocr_par' dir='ltr' id='par_1_5' title="bbox 303 1940 1694 2579">
     <span class='ocr_line' id='line_1_23' title="bbox 303 1940 1691 2013; baseline 0.001 -19"><span class='ocrx_word' id='word_1_181' title='bbox 303 1940 305 1942; x_wconf 17' lang='grc' dir='ltr'><strong><em>ι</em></strong></span> <span class='ocrx_word' id='word_1_182' title='bbox 385 1953 483 1995; x_wconf 88' lang='lat' dir='ltr'><strong>Jam</strong></span> <span class='ocrx_word' id='word_1_183' title='bbox 516 1949 624 1996; x_wconf 89' lang='lat' dir='ltr'><strong>illud</strong></span> <span class='ocrx_word' id='word_1_184' title='bbox 654 1950 850 1995; x_wconf 88' lang='lat' dir='ltr'><strong>videmus</strong></span> <span class='ocrx_word' id='word_1_185' title='bbox 890 1968 1165 2011; x_wconf 88' lang='lat' dir='ltr'><strong>nequaquam</strong></span> <span class='ocrx_word' id='word_1_186' title='bbox 1199 1952 1300 1995; x_wconf 86' lang='lat' dir='ltr'><strong>satis</strong></span> <span class='ocrx_word' id='word_1_187' title='bbox 1338 1968 1452 2007; x_wconf 83' lang='lat' dir='ltr'><strong>esse,</strong></span> <span class='ocrx_word' id='word_1_188' title='bbox 1500 1955 1691 2013; x_wconf 82' lang='lat' dir='ltr'><strong>reperire</strong></span> 
     </span>
     <span class='ocr_line' id='line_1_24' title="bbox 324 2030 1693 2093; baseline 0.003 -19"><span class='ocrx_word' id='word_1_189' title='bbox 324 2030 429 2091; x_wconf 89' lang='lat' dir='ltr'><strong>quid</strong></span> <span class='ocrx_word' id='word_1_190' title='bbox 459 2031 596 2088; x_wconf 77' lang='lat' dir='ltr'><strong>dicas,</strong></span> <span class='ocrx_word' id='word_1_191' title='bbox 626 2033 707 2075; x_wconf 89' lang='lat' dir='ltr'><strong>nisi</strong></span> <span class='ocrx_word' id='word_1_192' title='bbox 740 2030 783 2074; x_wconf 88' lang='lat' dir='ltr'><strong>id</strong></span> <span class='ocrx_word' id='word_1_193' title='bbox 811 2031 1036 2074; x_wconf 86' lang='lat' dir='ltr'><strong>inventum</strong></span> <span class='ocrx_word' id='word_1_194' title='bbox 1068 2041 1256 2076; x_wconf 85' lang='lat' dir='ltr'><strong>tractare</strong></span> <span class='ocrx_word' id='word_1_195' title='bbox 1284 2033 1433 2093; x_wconf 89' lang='lat' dir='ltr'><strong>possis.</strong></span> <span class='ocrx_word' id='word_1_196' title='bbox 1472 2035 1693 2078; x_wconf 83' lang='lat' dir='ltr'><strong>Tractatio</strong></span> 
     </span>
     <span class='ocr_line' id='line_1_25' title="bbox 325 2110 1694 2176; baseline 0.004 -22"><span class='ocrx_word' id='word_1_197' title='bbox 325 2121 468 2154; x_wconf 90' lang='lat' dir='ltr'><strong>autem</strong></span> <span class='ocrx_word' id='word_1_198' title='bbox 485 2112 603 2155; x_wconf 85' lang='lat' dir='ltr'><strong>varia</strong></span> <span class='ocrx_word' id='word_1_199' title='bbox 624 2128 716 2155; x_wconf 87' lang='lat' dir='ltr'><strong>esse</strong></span> <span class='ocrx_word' id='word_1_200' title='bbox 738 2110 884 2165; x_wconf 76' lang='lat' dir='ltr'><strong>debet,</strong></span> <span class='ocrx_word' id='word_1_201' title='bbox 909 2128 964 2155; x_wconf 86' lang='lat' dir='ltr'><strong>ne</strong></span> <span class='ocrx_word' id='word_1_202' title='bbox 991 2122 1066 2156; x_wconf 85' lang='lat' dir='ltr'><strong>aut</strong></span> <span class='ocrx_word' id='word_1_203' title='bbox 1086 2123 1318 2174; x_wconf 81' lang='lat' dir='ltr'><strong>cognoscat</strong></span> <span class='ocrx_word' id='word_1_204' title='bbox 1340 2124 1498 2170; x_wconf 83' lang='lat' dir='ltr'><strong>artem,</strong></span> <span class='ocrx_word' id='word_1_205' title='bbox 1524 2116 1599 2176; x_wconf 89' lang='lat' dir='ltr'><strong>qui</strong></span> <span class='ocrx_word' id='word_1_206' title='bbox 1618 2132 1694 2159; x_wconf 87' lang='lat' dir='ltr'><strong>au-</strong></span> 
     </span>
     <span class='ocr_line' id='line_1_26' title="bbox 325 2192 1693 2257; baseline 0.004 -21"><span class='ocrx_word' id='word_1_207' title='bbox 325 2192 435 2248; x_wconf 79' lang='lat' dir='ltr'><strong>diat,</strong></span> <span class='ocrx_word' id='word_1_208' title='bbox 453 2202 529 2236; x_wconf 85' lang='lat' dir='ltr'><strong>aut</strong></span> <span class='ocrx_word' id='word_1_209' title='bbox 544 2192 804 2253; x_wconf 85' lang='lat' dir='ltr'><strong>defatigetur</strong></span> <span class='ocrx_word' id='word_1_210' title='bbox 818 2193 1115 2238; x_wconf 87' lang='lat' dir='ltr'><strong>similitudinis</strong></span> <span class='ocrx_word' id='word_1_211' title='bbox 1130 2196 1342 2239; x_wconf 83' lang='lat' dir='ltr'><strong>satietate.</strong></span> <span class='ocrx_word' id='word_1_212' title='bbox 1358 2198 1551 2257; x_wconf 87' lang='lat' dir='ltr'><strong>Proponi</strong></span> <span class='ocrx_word' id='word_1_213' title='bbox 1566 2214 1693 2257; x_wconf 86' lang='lat' dir='ltr'><strong>opor-</strong></span> 
     </span>
     <span class='ocr_line' id='line_1_27' title="bbox 326 2272 1692 2335; baseline 0.004 -19"><span class='ocrx_word' id='word_1_214' title='bbox 326 2282 411 2328; x_wconf 76' lang='lat' dir='ltr'><strong>tet,</strong></span> <span class='ocrx_word' id='word_1_215' title='bbox 435 2272 541 2333; x_wconf 91' lang='lat' dir='ltr'><strong>quid</strong></span> <span class='ocrx_word' id='word_1_216' title='bbox 557 2272 733 2329; x_wconf 85' lang='lat' dir='ltr'><strong>afferas,</strong></span> <span class='ocrx_word' id='word_1_217' title='bbox 757 2283 799 2317; x_wconf 86' lang='lat' dir='ltr'><strong>et</strong></span> <span class='ocrx_word' id='word_1_218' title='bbox 824 2274 867 2317; x_wconf 90' lang='lat' dir='ltr'><strong>id</strong></span> <span class='ocrx_word' id='word_1_219' title='bbox 883 2291 1018 2335; x_wconf 88' lang='lat' dir='ltr'><strong>quare</strong></span> <span class='ocrx_word' id='word_1_220' title='bbox 1039 2276 1096 2318; x_wconf 85' lang='lat' dir='ltr'><strong>ita</strong></span> <span class='ocrx_word' id='word_1_221' title='bbox 1114 2275 1186 2330; x_wconf 88' lang='lat' dir='ltr'><strong>sit,</strong></span> <span class='ocrx_word' id='word_1_222' title='bbox 1208 2276 1459 2334; x_wconf 86' lang='lat' dir='ltr'><strong>ostendere;</strong></span> <span class='ocrx_word' id='word_1_223' title='bbox 1485 2287 1527 2321; x_wconf 91' lang='lat' dir='ltr'><strong>et</strong></span> <span class='ocrx_word' id='word_1_224' title='bbox 1543 2278 1692 2321; x_wconf 86' lang='lat' dir='ltr'><strong>iisdem</strong></span> 
     </span>
     <span class='ocr_line' id='line_1_28' title="bbox 326 2353 1694 2419; baseline 0.002 -22"><span class='ocrx_word' id='word_1_225' title='bbox 326 2353 409 2397; x_wconf 90' lang='lat' dir='ltr'><strong>illis</strong></span> <span class='ocrx_word' id='word_1_226' title='bbox 432 2353 537 2398; x_wconf 91' lang='lat' dir='ltr'><strong>locis</strong></span> <span class='ocrx_word' id='word_1_227' title='bbox 560 2354 778 2398; x_wconf 87' lang='lat' dir='ltr'><strong>interdum</strong></span> <span class='ocrx_word' id='word_1_228' title='bbox 799 2355 1081 2412; x_wconf 88' lang='lat' dir='ltr'><strong>concludere,</strong></span> <span class='ocrx_word' id='word_1_229' title='bbox 1106 2356 1352 2417; x_wconf 85' lang='lat' dir='ltr'><strong>relinquere</strong></span> <span class='ocrx_word' id='word_1_230' title='bbox 1374 2358 1499 2415; x_wconf 78' lang='lat' dir='ltr'><strong>alias,</strong></span> <span class='ocrx_word' id='word_1_231' title='bbox 1520 2359 1694 2419; x_wconf 80' lang='lat' dir='ltr'><strong>alioque</strong></span> 
     </span>
     <span class='ocr_line' id='line_1_29' title="bbox 326 2436 1691 2500; baseline 0.003 -22"><span class='ocrx_word' id='word_1_232' title='bbox 326 2436 528 2491; x_wconf 81' lang='lat' dir='ltr'><strong>transire3</strong></span> <span class='ocrx_word' id='word_1_233' title='bbox 552 2451 662 2496; x_wconf 84' lang='lat' dir='ltr'><strong>saepe</strong></span> <span class='ocrx_word' id='word_1_234' title='bbox 682 2452 768 2479; x_wconf 90' lang='lat' dir='ltr'><strong>non</strong></span> <span class='ocrx_word' id='word_1_235' title='bbox 789 2453 1059 2497; x_wconf 81' lang='lat' dir='ltr'><strong>proponere,</strong></span> <span class='ocrx_word' id='word_1_236' title='bbox 1083 2455 1132 2482; x_wconf 86' lang='lat' dir='ltr'><strong>ae</strong></span> <span class='ocrx_word' id='word_1_237' title='bbox 1157 2440 1324 2482; x_wconf 84' lang='lat' dir='ltr'><strong>ratione</strong></span> <span class='ocrx_word' id='word_1_238' title='bbox 1343 2440 1433 2500; x_wconf 88' lang='lat' dir='ltr'><strong>ipsa</strong></span> <span class='ocrx_word' id='word_1_239' title='bbox 1446 2439 1691 2494; x_wconf 80' lang='lat' dir='ltr'><strong>afferenda,</strong></span> 
     </span>
     <span class='ocr_line' id='line_1_30' title="bbox 327 2515 1692 2579; baseline 0.003 -21"><span class='ocrx_word' id='word_1_240' title='bbox 327 2515 430 2575; x_wconf 90' lang='lat' dir='ltr'><strong>quid</strong></span> <span class='ocrx_word' id='word_1_241' title='bbox 459 2516 792 2576; x_wconf 88' lang='lat' dir='ltr'><strong>proponendum</strong></span> <span class='ocrx_word' id='word_1_242' title='bbox 815 2517 966 2573; x_wconf 82' lang='lat' dir='ltr'><strong>suerit,</strong></span> <span class='ocrx_word' id='word_1_243' title='bbox 990 2517 1235 2573; x_wconf 77' lang='lat' dir='ltr'><strong>declarare3</strong></span> <span class='ocrx_word' id='word_1_244' title='bbox 1266 2521 1298 2563; x_wconf 88' lang='lat' dir='ltr'><strong>si</strong></span> <span class='ocrx_word' id='word_1_245' title='bbox 1320 2520 1386 2563; x_wconf 83' lang='lat' dir='ltr'><strong>cui</strong></span> <span class='ocrx_word' id='word_1_246' title='bbox 1413 2520 1517 2579; x_wconf 85' lang='lat' dir='ltr'><strong>quid</strong></span> <span class='ocrx_word' id='word_1_247' title='bbox 1554 2518 1692 2563; x_wconf 88' lang='lat' dir='ltr'><strong>simile</strong></span> 
     </span>
    </p>
   </div>
   <div class='ocr_carea' id='block_1_2' title="bbox 328 2595 1690 2661">
    <p class='ocr_par' dir='ltr' id='par_1_6' title="bbox 328 2595 1690 2661">
     <span class='ocr_line' id='line_1_31' title="bbox 328 2595 1690 2661; baseline 0.004 -23"><span class='ocrx_word' id='word_1_248' title='bbox 328 2595 461 2654; x_wconf 77' lang='lat' dir='ltr'><strong>dicas,</strong></span> <span class='ocrx_word' id='word_1_249' title='bbox 489 2598 608 2658; x_wconf 81' lang='lat' dir='ltr'><strong>prius</strong></span> <span class='ocrx_word' id='word_1_250' title='bbox 634 2607 679 2640; x_wconf 78' lang='lat' dir='ltr'><strong>ut</strong></span> <span class='ocrx_word' id='word_1_251' title='bbox 709 2596 845 2640; x_wconf 76' lang='lat' dir='ltr'><strong>simile</strong></span> <span class='ocrx_word' id='word_1_252' title='bbox 874 2598 1123 2656; x_wconf 54' lang='lat' dir='ltr'><strong>confirmesg</strong></span> <span class='ocrx_word' id='word_1_253' title='bbox 1155 2600 1332 2657; x_wconf 71' lang='lat' dir='ltr'><strong>deinde,</strong></span> <span class='ocrx_word' id='word_1_254' title='bbox 1369 2600 1483 2660; x_wconf 86' lang='lat' dir='ltr'><strong>quod</strong></span> <span class='ocrx_word' id='word_1_255' title='bbox 1528 2601 1690 2661; x_wconf 79' lang='lat' dir='ltr'><strong>agitur,</strong></span> 
     </span>
    </p>
   </div>
  </div>
 </body>
</html>
