1843 3166
341 193 409 216 120
854 190 916 223 ΗΕ
944 190 1009 223 012.
1019 190 1182 224 ATORF.

334 275 437 334 quid
463 277 516 319 sit
543 276 705 320 civitas.
734 277 780 318 In
804 275 960 334 quibus
987 276 1068 318 hoe
1100 276 1290 335 praecipit
1306 277 1418 320 ratio
1445 285 1574 334 atque
1602 272 1681 318 do-

333 357 492 411 ctrina,
517 367 564 400 ut
585 358 646 399 vis
663 357 754 416 ejus
776 358 855 411 rei,
884 372 1014 415 quam
1032 356 1226 409 definias,
1253 357 1312 399 sie
1333 357 1609 417 exprimatur,
1634 363 1682 397 ut

335 452 472 495 neque
496 437 605 479 absit
630 436 886 496 quidquam,
914 452 1051 495 neque
1072 438 1268 495 supersit.

395 515 524 571 Quod
541 516 712 575 quidem
731 517 772 558 111
797 515 865 559 illa
881 533 1007 559 causa
1024 532 1162 575 neque
1178 515 1394 576 Sulpicius
1410 516 1503 558 fecit
1516 549 1528 571 ,
1545 531 1685 574 neque

335 612 413 655 ego
433 594 571 638 facere
586 605 764 639 conatus
785 612 891 638 sum.
910 596 1042 649 Nam,
1062 605 1271 653 quantum
1294 604 1473 654 uterque
1490 603 1686 637 nostrum

337 675 494 732 potuit,
510 676 626 717 omni
643 675 764 734 copia
780 673 949 716 dicendi
962 673 1176 729 dilatavit,
1191 674 1292 732 quid
1307 683 1416 717 esset
1427 674 1686 733 majestatem

336 755 539 796 minuere.
556 755 726 797 Etenim
743 753 935 796 delinitio
951 755 1140 812 primum
1158 753 1417 812 reprehenso
1431 754 1564 797 verbo
1579 770 1687 808 uno,

334 844 407 877 aut
437 833 607 887 addito,
640 843 713 876 aut.
748 833 913 887 demto,
948 849 1055 893 saepe
1094 842 1373 891 extorquetur
1407 848 1430 875 e
1465 833 1688 889 manibus3

335 914 487 957 deinde
514 930 669 974 genere
690 913 781 973 ipso
805 912 1045 955 doctrinam
1070 900 1689 971 redoletexercitationemque

334 1009 453 1052 paene
478 992 710 1053 puerilem,
736 1002 827 1034 tum
854 1002 895 1034 et
919 993 960 1033 111
987 1008 1157 1034 sensum
1186 1002 1228 1034 et
1256 993 1297 1034 111
1325 1002 1513 1034 mentem
1533 992 1689 1052 judicis

335 1074 493 1115 intrare
519 1088 606 1115 non
631 1080 771 1132 potest
796 1088 804 1114 ε
834 1080 933 1114 ante
952 1071 1062 1113 enim
1089 1070 1419 1130 praeterlabitur,
1443 1087 1571 1130 quam
1597 1088 1693 1131 per-

334 1163 455 1213 cepta
476 1163 552 1196 est.

396 1234 555 1276 XXVI.
593 1232 675 1276 Sed
700 1234 741 1275 in
767 1248 816 1275 eo
839 1248 1011 1292 genere,
1038 1233 1079 1273 111
1103 1247 1210 1290 qu0,
1238 1231 1364 1290 quale
1383 1233 1437 1275 sit
1453 1232 1580 1292 quid,
1604 1250 1692 1277 am-

332 1313 512 1373 bigitur,
549 1313 710 1356 exsistit
745 1314 874 1355 etiam
920 1328 970 1355 ex
1007 1312 1154 1371 scripti
1194 1312 1548 1372 interpretatione
1581 1331 1704 1374 saepe*

335 1393 576 1448 contentio,
600 1393 642 1434 in
663 1409 749 1451 quo
766 1391 882 1435 nulla
900 1401 1040 1451 potest
1063 1408 1154 1435 esse
1173 1392 1253 1435 nisi
1271 1409 1322 1435 ex
1340 1393 1565 1453 ambiguo,
1588 1411 1692 1438 con-

334 1473 552 1515 troversia.
573 1474 687 1515 Nam
717 1470 822 1514 illud
849 1472 1013 1531 ipsum,
1039 1488 1174 1531 quum
1200 1473 1406 1532 scriptum
1428 1490 1451 1516 a
1477 1477 1684 1520 sententia

334 1552 567 1611 discrepat,
603 1568 738 1612 genus
768 1551 986 1610 quoddam
1022 1552 1151 1595 habet
1182 1553 1375 1613 ambigui
1404 1571 1413 1596 ε
1452 1554 1569 1613 quod
1599 1564 1691 1599 tum

333 1630 590 1693 explicatur,
614 1647 748 1692 quum
773 1647 823 1673 ea
844 1631 994 1685 verba,
1020 1648 1114 1690 quae
1139 1631 1313 1688 desunt,
1344 1643 1541 1694 suggesta
1564 1645 1692 1688 sunt,

333 1713 488 1772 quibus
505 1712 661 1755 additis
685 1710 944 1765 defenditur,
968 1712 1227 1754 sententiam
1249 1713 1399 1772 scripti
1423 1714 1693 1773 perspicuam

334 1792 474 1836 fuisse.
502 1796 555 1836 Et
579 1810 630 1835 ex
666 1793 894 1837 contrariis
925 1791 1095 1852 seriptis
1131 1793 1165 1835 si
1195 1792 1300 1851 quid
1324 1792 1572 1853 ambigitur,
1606 1811 1693 1839 non

332 1889 492 1915 novum
515 1889 650 1933 genus
676 1873 884 1928 nascitur,
913 1871 987 1914 sed
1017 1873 1253 1931 superioris
1277 1874 1444 1932 generis
1468 1890 1594 1919 eausa
1614 1873 1692 1919 du-

331 1951 539 2012 plicatur,
567 1952 698 2012 idque
723 1963 798 2001 aut
818 1968 1042 2011 nunquam
1070 1951 1298 2012 dijudicari
1327 1955 1508 2013 poterit,
1534 1964 1608 1999 aut
1635 1957 1694 1999 ita

331 2030 651 2093 dijudicabitur,
668 2039 716 2073 ut
731 2030 964 2073 referendis
981 2033 1211 2090 praeteritis
1225 2033 1365 2076 verbis
1376 2068 1387 2087 ,
1403 2033 1446 2078 id
1460 2036 1670 2095 scriptum
1681 2071 1691 2091 ,

331 2112 635 2172 quodcumque
662 2109 952 2167 defendimus,
987 2111 1252 2173 suppleatur.
1286 2117 1353 2157 Ita
1386 2116 1460 2170 fit,
1485 2125 1533 2159 ut
1557 2133 1693 2160 unum

332 2208 466 2252 genus
489 2193 533 2234 in
556 2193 606 2235 iis
633 2209 770 2235 causis
787 2227 798 2248 ,
832 2207 926 2252 quae
956 2203 1134 2253 propter
1162 2195 1373 2253 seriptum
1397 2195 1691 2255 ambiguntur,

331 2270 616 2331 relinquatur,
643 2274 676 2315 si
703 2282 766 2316 est
793 2275 1002 2333 scriptum
1025 2272 1190 2333 aliquid
1214 2275 1428 2335 ambigue.

396 2353 713 2412 Ambiguorum
728 2363 871 2396 autem
883 2370 1017 2412 quum
1033 2352 1158 2413 plura
1172 2371 1330 2414 genera
1342 2365 1463 2411 sunt,
1482 2372 1575 2415 quae
1586 2357 1693 2400 mihi

330 2430 533 2474 videntur
556 2431 585 2474 ii
620 2430 771 2476 melius
795 2450 940 2489 nosse,
967 2434 1041 2493 qui
1077 2433 1291 2478 dialectici
1327 2434 1613 2495 appellantur,
1646 2437 1692 2480 hi

332 2519 475 2554 autem
510 2513 647 2555 nostri
681 2513 902 2572 ignorare,
939 2515 1013 2573 qui
1042 2530 1129 2556 non
1156 2516 1299 2558 minus
1329 2531 1452 2558 nosse
1479 2514 1690 2559 debeam:

333 2601 425 2633 tum
447 2590 554 2635 illud
575 2602 637 2635 est
659 2592 1056 2652 frequentissimum
1082 2596 1125 2637 in
1150 2597 1268 2638 omni
1293 2595 1606 2640 consuetudine
1627 2595 1693 2640 vel
