1843 3166
719 262 861 296 LIBER
893 263 918 296 1.
1452 271 1494 304 13

143 342 256 385 inter
271 343 448 386 Graecos
468 341 552 386 dici
572 352 615 385 et
632 341 864 403 disceptari
886 341 1037 387 solere.
1062 344 1218 389 Audivi
1244 349 1359 391 enim
1384 367 1496 394 sum-

141 438 234 465 mos
249 422 601 481 homine3,quum
615 432 857 481 quaestorex
876 423 1133 467 Macedonia
1148 427 1358 470 venissem
1368 430 1495 472 Athe-

143 517 217 545 nas
236 537 248 559 ,
276 503 456 546 florente
484 500 741 556 Academia,
769 511 819 545 ut
849 503 1115 563 temporibus
1144 503 1228 548 illis
1254 505 1492 561 ferebatur,

75 590 104 648 η’
142 581 260 641 quod
282 566 399 655 {El-³
399 580 684 636 Charmadas,
705 590 746 624 et
774 580 1088 637 Clitomachus,
1108 594 1150 627 et
1168 585 1390 630 AEschines
1417 587 1493 630 ob-

145 654 353 704 tinebant.
373 663 476 704 Erat
489 660 927 725 Qssiam'QTQtPOd0ffl82
942 663 1017 722 qui
1038 662 1236 708 cumillis
1251 681 1336 708 una
1353 658 1493 725 ipsum
1508 659 1510 664 ⁸

80 744 110 750 ''
130 724 266 784 illffi'n
302 739 522 785 Carneade
552 723 814 802 *diligentius
859 741 1054 786 audierat
1072 777 1083 799 ,
1133 734 1352 788 hominem
1399 762 1493 789 om-

145 821 264 863 nium
291 820 335 863 in
360 820 544 864 dicendo
559 855 570 877 ,
591 831 639 865 ut
657 821 878 877 ferebant,
902 824 1161 898 acerrimum
1185 834 1226 868 et
1250 826 1494 885 copiosissi-

143 915 277 943 mum.
298 901 486 960 Vigebat
505 900 679 944 auditor
696 902 877 945 Panaetii
900 900 1014 945 illius
1038 903 1101 946 tui
1122 905 1431 961 Mnesarchus,
1454 917 1496 950 et

142 979 411 1039 peripatetici
434 979 618 1024 Critolai
640 980 871 1036 Diodorus.

205 1058 336 1103 Multi
366 1069 488 1103 erant
516 1070 723 1120 praeterea
754 1060 946 1121 praeclari
979 1064 1022 1106 in
1052 1063 1328 1125 philosophia
1351 1076 1394 1122 et
1417 1083 1495 1122 no-

142 1137 269 1196 biles,
288 1155 314 1182 a
330 1140 489 1199 quibus
506 1141 708 1184 omnibus
728 1157 813 1184 una
833 1158 953 1201 paene
976 1159 1080 1187 voce
1104 1142 1261 1204 repelli
1278 1123 1492 1190 oratbrem

103 1206 496 1279 ³'5'guhe1-naculis
518 1221 764 1273 civitatum,
788 1220 960 1265 excludi
984 1223 1036 1265 ab
1064 1225 1181 1266 omni
1208 1224 1404 1268 doctrina
1430 1242 1496 1269 re-

144 1314 327 1358 rumque
350 1300 564 1358 majorum
587 1301 787 1355 scientia,
810 1316 860 1342 ac
882 1311 1051 1344 tantum
1078 1303 1120 1344 in
1146 1302 1309 1361 judicia
1329 1313 1370 1346 et
1393 1320 1495 1347 con-

140 1377 377 1433 ciunculas,
392 1387 599 1438 tanquam
619 1379 664 1421 in
681 1378 856 1438 aliquod
872 1380 1310 1455 pistrinuuydetrudi
1324 1393 1364 1427 et
1379 1400 1496 1428 com-

142 1458 261 1519 pingi
280 1457 492 1502 videbam.
1071 1455 1094 1482 s

203 1537 285 1582 Sed
308 1553 388 1599 ego
410 1554 551 1598 neque
579 1537 662 1582 illis
685 1540 967 1594 assentiebar,
997 1557 1136 1601 neque
1159 1542 1312 1586 harum
1342 1543 1489 1605 dispu-

143 1617 358 1661 tationum
376 1619 590 1662 inventori
612 1628 654 1662 et
673 1620 860 1679 principi
883 1619 1010 1680 longe
1028 1622 1224 1665 omnium
1244 1624 1287 1665 in
1307 1623 1492 1668 dicendo

143 1699 396 1759 gravissimo
416 1708 458 1742 et
481 1697 836 1758 eloquentissimo
852 1733 862 1753 ‚
883 1699 1052 1743 Platoni
1069 1735 1080 1754 ,
1103 1702 1226 1761 cujus
1247 1712 1338 1746 tum
1358 1705 1493 1748 Athe-

142 1779 208 1822 nis
222 1794 321 1822 cum
335 1777 579 1821 Charmada
589 1777 838 1838 diligentius
858 1778 939 1840 legi
955 1767 1162 1841 Gorgiam
1180 1799 1189 1824 :
1206 1798 1293 1842 quo
1314 1784 1358 1826 in
1382 1783 1494 1827 libro

142 1859 187 1900 in
210 1857 294 1901 hoc
316 1858 500 1901 maxime
522 1857 768 1902 admirabar
790 1856 1171 1983 Platonenssuod
1194 1863 1300 1906 mihi
1326 1864 1370 1906 in
1399 1880 1494 1907 ora·

143 1938 308 1982 toribus
342 1937 571 1982 irridendis
605 1939 693 1998 ipse
726 1955 816 1983 esse
850 1950 973 1983 orato
1031 1957 1222 1985 summus
1254 1942 1491 1986 videbatur.

142 2019 279 2063 Verbi
300 2019 417 2062 enim
443 2028 718 2063 controversa
745 2020 833 2078 jam
863 2019 935 2062 diu
975 2029 1147 2080 torquet
1174 2021 1395 2065 Graeculos
1417 2021 1494 2066 ho·

142 2100 301 2153 mines,
318 2099 606 2143 contentionis
627 2099 890 2159 cupidiores,
918 2116 1048 2158 quam
1067 2102 1270 2144 veritatis.

205 2180 318 2223 Nam
347 2179 382 2222 si
404 2179 499 2238 quis
519 2179 636 2222 hunc
658 2179 809 2221 statuit
832 2195 921 2222 esse
944 2189 1159 2223 oratorem
1176 2214 1187 2234 ,
1210 2181 1284 2239 qui
1307 2191 1494 2225 tantum-

145 2258 275 2303 modo
299 2260 344 2302 in
363 2259 483 2318 jure,
508 2267 582 2301 aut
602 2259 645 2301 in
662 2257 834 2318 judiciis
857 2259 1010 2318 possit,
1034 2259 1244 2343 ajtrapud
1264 2260 1494 2321 populum,

145 2348 221 2383 aut
243 2339 287 2382 in
310 2347 462 2381 senatu
486 2338 658 2398 copiose
690 2337 830 2397 loqui,
854 2347 1000 2382 tamen
1024 2333 1127 2382 huic
1154 2340 1235 2398 ipsi
1260 2339 1396 2383 multa
1418 2343 1494 2384 tri-

142 2418 247 2462 buat
264 2427 308 2461 et
326 2416 536 2461 concedat
552 2433 724 2461 necesse
744 2427 821 2460 est.
835 2418 988 2478 Neque
1006 2419 1118 2461 enim
1137 2420 1229 2462 sine
1248 2418 1385 2463 multa
1404 2436 1494 2480 per-

144 2499 400 2542 tractatione
411 2498 606 2542 omnium
618 2495 1051 2557 rerumpublicarum,
1069 2514 1209 2558 neque
1222 2500 1312 2542 sine
1329 2499 1472 2560 legum
1482 2534 1493 2553 ,

145 2592 330 2632 morum,
342 2577 451 2636 juris
464 2577 662 2630 scientia,
686 2591 827 2635 neque
847 2586 1003 2619 natura
1014 2576 1240 2620 hominum
1257 2578 1494 2637 incognita,

144 2671 193 2700 ac
215 2655 428 2713 moribus,
451 2657 495 2700 in
513 2656 578 2699 his
602 2657 704 2715 ipsis
723 2656 850 2699 rebus
873 2657 975 2699 satis
992 2655 1145 2700 callide
1167 2658 1348 2710 versari,
1364 2666 1405 2700 et
1424 2673 1497 2718 pe-
