1843 3166
702 223 840 257 LIBER
874 224 903 256 l„
1419 234 1464 268 23)

126 302 252 345 dente
273 314 313 346 et
336 306 469 348 invito
492 305 672 358 excidit,
697 314 737 347 et
761 306 956 364 pervenit
980 307 1021 347 in
1047 322 1197 349 manus
1222 307 1465 362 hominum,

126 381 309 426 disertos
332 399 399 425 me
427 400 631 443 cognosse
658 383 912 438 nonnullos,
935 385 1202 444 eloquentem
1232 387 1371 431 adhuc
1396 406 1469 431 ne-

130 462 286 504 minem
311 479 318 504 :
341 463 457 520 quod
479 479 578 506 eum
601 463 840 506 statuebam
862 464 1090 518 disertum,
1114 466 1187 524 qui
1210 476 1352 524 posset
1370 467 1468 509 satis

128 550 251 584 acute
273 550 401 601 atque
431 541 616 586 dilucide
640 543 756 604 apud
782 543 1018 587 mediocres
1041 544 1257 600 homines,
1285 561 1335 587 ex
1356 561 1470 588 coni-

130 621 247 662 muni
269 620 454 679 quadam
478 623 700 681 opinione,
731 622 873 666 dicere
900 639 908 665 ε
944 621 1216 682 eloquentem
1244 640 1369 679 vero,
1398 625 1469 683 qui

130 699 365 743 mirabilius
388 710 430 744 et
452 690 797 760 magnificentius
817 718 973 762 augere
990 711 1131 761 posset
1149 712 1277 762 atque
1299 718 1471 757 ornare,

129 795 223 837 quae
254 778 399 833 vellet,
430 796 664 840 omnesque
694 782 888 824 omnium
923 797 1092 837 rerum,
1125 798 1218 841 quae
1246 781 1299 825 ad
1327 782 1481 824 dicen-⁷

129 859 233 902 dum
255 861 540 919 pertinerent,
575 861 711 905 fontes
741 864 885 906 animo
911 879 958 906 ac
987 865 1193 906 memoria
1218 864 1472 906 contineret.

130 939 180 983 ld
208 940 242 983 si
268 949 330 983 est
363 940 535 985 difficile
565 941 706 998 nobis,
734 943 808 1001 qui
839 951 956 999 ante,
987 959 1115 1002 quam
1143 943 1197 986 ad
1224 942 1472 986 discendum

132 1019 309 1079 ingressi
337 1036 505 1077 sumus,
527 1021 754 1080 obruimur
774 1022 1010 1065 ambitione
1039 1032 1081 1065 et
1111 1022 1226 1076 for03
1254 1022 1308 1065 sit
1333 1031 1473 1065 tamen

133 1098 175 1140 in
198 1114 244 1141 re
267 1099 456 1159 positum
480 1110 607 1160 atque
634 1110 802 1144 natura.

195 1181 286 1238 Ego
319 1180 452 1235 enim,
481 1189 692 1239 quantum
722 1196 912 1240 auguror
939 1181 1205 1240 conjectura,
1233 1188 1478 1239 quantaque

135 1257 305 1318 ingenia
332 1258 377 1300 in
406 1257 564 1302 nostris
590 1258 838 1302 hominibus
870 1276 958 1302 esse
988 1259 1135 1312 video,
1162 1275 1249 1301 non
1278 1257 1479 1318 despero,

134 1338 225 1381 fore
249 1337 434 1397 aliquem
453 1338 704 1397 aliquando,
727 1334 802 1398 qui
824 1348 864 1382 et
886 1336 1027 1382 studio
1044 1340 1229 1394 acriore,
1253 1354 1382 1397 quam
1402 1354 1481 1381 nos

139 1433 306 1471 sumus,
330 1426 453 1476 atque
476 1418 657 1472 fuimus,
682 1428 726 1462 et
759 1420 849 1462 otio
877 1435 925 1462 ac
948 1418 1152 1462 facultate
1179 1418 1370 1462 discendi
1400 1434 1481 1462 ma-

127 1492 221 1552 j0re
244 1511 293 1538 ac
316 1497 572 1553 maturiore,
596 1507 638 1541 et
670 1496 816 1541 labore
844 1508 973 1558 atque
1000 1498 1212 1541 industria
1237 1497 1480 1558 superiore,

130 1588 266 1631 quum
288 1591 331 1618 se
354 1576 408 1619 ad
432 1577 714 1633 audiendum,
738 1577 989 1638 legendum,
1015 1576 1376 1637 scribendumque
1408 1575 1478 1619 de-

130 1651 307 1711 diderit,
325 1657 500 1700 exsistat
523 1657 618 1700 talis
640 1667 806 1713 orator,
822 1656 994 1716 qualem
1013 1658 1243 1716 quaerimus
1262 1673 1271 1699 :
1292 1657 1364 1715 qui
1383 1657 1481 1716 jure

131 1748 219 1775 non
242 1733 380 1778 solum
405 1735 609 1791 disertus,
633 1736 706 1779 sed
726 1738 855 1779 etiam
877 1735 1082 1795 eloquens
1105 1736 1190 1779 dici
1218 1736 1353 1796 possit
1376 1752 1385 1777 :
1408 1734 1481 1794 qui

134 1821 302 1870 tamen,
325 1831 419 1858 mea
452 1816 683 1872 sententia,
710 1826 783 1859 aut
808 1817 878 1859 hic
903 1826 966 1859 est
987 1817 1076 1875 jam
1097 1818 1301 1870 Crassus,
1324 1824 1422 1869 aut,
1449 1815 1483 1857 si

136 1893 230 1951 quis
248 1894 340 1953 pari
360 1893 490 1938 fuerit
512 1896 705 1956 ingenio,
727 1895 937 1955 pluraque
956 1912 1085 1954 quam
1103 1895 1197 1950 hic,
1216 1904 1258 1937 et
1279 1894 1483 1948 audierit,

138 1981 178 2014 et
202 1971 425 2031 lectitarit,
454 1985 497 2018 et
531 1976 768 2035 scripserit,
797 1974 975 2035 paulum
1003 1976 1105 2018 huic
1135 1973 1298 2034 aliquid
1327 1973 1487 2033 poterit

137 2050 306 2096 addere.

200 2135 293 2176 Hoc
312 2132 406 2178 loco
421 2135 634 2195 Sulpicius
651 2153 658 2178 :
678 2137 923 2196 Insperanti
941 2135 1069 2190 mihi,
1089 2134 1254 2194 inquit,
1273 2143 1312 2176 et
1329 2134 1487 2187 Cottae‚

140 2212 215 2255 sed
243 2212 365 2257 valde
386 2217 554 2274 optanti
579 2216 752 2274 utrique
777 2225 993 2271 nostrum,
1019 2213 1191 2270 cecidit,
1222 2221 1269 2256 ut
1290 2213 1336 2255 in
1360 2213 1487 2255 istum

142 2311 405 2349 sermonem,
437 2297 607 2351 Crasse,
639 2295 958 2339 delaberemini.
991 2295 1128 2338 Nobis
1159 2295 1274 2337 enim
1303 2293 1389 2335 huc
1421 2307 1492 2334 ve-

143 2375 359 2418 nientibus
383 2374 623 2434 jucundum
650 2379 752 2419 satis
779 2374 869 2418 fore
897 2373 1143 2428 videbatur,
1173 2373 1227 2428 si,
1255 2388 1388 2431 quum
1418 2387 1491 2412 vos

149 2453 201 2496 de
227 2452 482 2501 rebusaliis
509 2455 809 2515 loqueremini,
841 2463 985 2496 tamen
1018 2470 1095 2497 nos
1128 2451 1290 2512 aliquid
1324 2468 1374 2494 ex
1403 2466 1491 2493 ser-

141 2553 268 2580 mone
300 2545 442 2579 vestro
482 2536 687 2578 memoria
720 2535 899 2594 dignum
931 2535 1128 2594 excipere
1159 2546 1409 2593 possemus;
1445 2538 1494 2570 ut

143 2633 243 2660 vero
277 2616 443 2676 penitus
477 2616 520 2658 in
548 2631 639 2658 eam
670 2616 806 2675 ipsam
835 2615 966 2658 totius
995 2613 1125 2673 hujus
1153 2611 1218 2656 vel
1252 2609 1402 2667 studii,
1431 2607 1494 2650 vel
