1843 3166
691 208 834 242 LIBER
865 207 929 242 111.
1413 206 1484 242 265

133 291 304 353 duplex.
333 295 443 338 Nam
460 302 535 337 aut
549 309 574 336 a
595 291 722 353 longa
736 294 894 347 oritur,
916 307 1045 350 quam
1065 300 1152 334 tres
1166 290 1316 336 breves
1338 308 1486 335 conse-

134 383 343 432 quuntur,
366 383 415 417 ut
444 374 535 416 haec
559 372 714 427 verba,
739 370 978 425 «desinite,
1005 371 1205 430 incipite,
1235 371 1486 431 comprimi-

138 461 231 507 te,»
261 463 335 496 aut
365 470 389 496 a
419 451 621 495 brevibus
646 450 846 510 deinceps
870 451 1029 505 tribus,
1059 459 1247 493 extrema
1274 451 1486 510 producta

133 541 263 591 atque
297 531 449 592 longa,
484 532 594 574 sicut
629 529 701 574 illa
726 540 850 585 sunt,
872 530 1185 585 «domuerant,
1213 530 1486 589 sonipedes.»

134 613 275 670 Atque
302 610 363 654 illi
398 610 656 671 philosopho
685 610 819 670 ordiri
859 609 999 670 placet
1020 626 1045 653 a
1071 610 1290 670 superiore
1315 625 1487 669 paeone,

136 691 372 750 posteriore
392 690 530 734 finire.
555 693 631 734 Est
644 700 786 734 autem
817 706 939 750 paeon
964 689 1035 732 hic
1056 689 1268 749 posterior
1292 705 1379 732 non
1403 688 1486 749 syl-

134 767 328 812 labarum
354 785 558 826 numero,
583 768 656 812 sed
680 769 851 812 aurium
875 784 1100 822 mensura,
1127 767 1243 827 quod
1262 777 1325 811 est
1347 768 1486 811 acrius

131 847 343 908 judicium
367 858 410 892 et
432 850 610 904 certius,
631 864 711 909 par
732 848 820 892 sere
837 848 1020 904 cretico,
1045 848 1121 906 qui.
1133 857 1196 891 est
1213 864 1262 891 ex
1278 846 1428 908 longa,
1445 857 1487 891 et

133 927 271 983 brevi,
294 938 336 971 et
357 927 512 988 longa,
538 938 587 972 ut

235 1049 335 1093 Quid
351 1056 474 1097 petam
491 1049 657 1097 praesidi,
678 1056 739 1085 aut
757 1048 962 1097 exsequar?
985 1062 1107 1096 quove
1124 1061 1220 1084 nunc
1234 1049 1248 1083 Ρ

136 1170 169 1210 Α
196 1183 281 1226 quo
306 1183 487 1211 numero
509 1183 684 1211 exorsus
709 1177 773 1210 est
790 1167 998 1222 Fannius,
1014 1186 1034 1207 (c
1048 1167 1110 1222 Si,
1134 1167 1332 1226 quirites,
1351 1167 1486 1210 minas

137 1245 262 1291 illius,
277 1266 296 1288 »
333 1250 460 1291 Hunc
498 1246 569 1290 ille
605 1246 806 1291 clausulis
838 1248 1047 1307 aptiorem
1080 1256 1224 1307 putat,
1260 1263 1364 1307 quas
1396 1246 1488 1290 vult

136 1324 263 1386 longa
287 1325 540 1385 plerumque
566 1325 725 1386 syllaba
750 1327 987 1369 terminari.

198 1408 396 1449 XLVIII.
423 1407 574 1465 Neque
610 1421 714 1449 vero
736 1406 826 1449 haec
850 1416 937 1449 tam
964 1421 1106 1449 acrem
1126 1422 1274 1449 curam
1306 1404 1487 1467 diligen-

136 1488 325 1546 tiamque
361 1484 622 1540 desiderant,
649 1501 778 1544 quam
805 1494 870 1528 est
898 1483 968 1528 illa
997 1494 1253 1544 poetarumt
1280 1502 1388 1546 quos
1412 1503 1488 1530 ne-

136 1567 309 1610 cessitas
340 1565 476 1626 cogit,
500 1574 543 1608 et
574 1565 654 1624 ipsi
684 1565 854 1607 numeri
879 1580 928 1606 ac
951 1563 1096 1618 modi,
1119 1566 1178 1607 sic
1208 1565 1338 1608 verba
1365 1582 1488 1609 versu

137 1645 379 1698 includere,
405 1654 454 1687 ut
477 1643 586 1687 nihil
609 1644 684 1698 sit,
709 1658 762 1685 ne
787 1643 940 1702 spiritu
968 1643 1141 1703 quidem
1165 1645 1343 1688 minimo
1358 1679 1370 1701 ,
1393 1645 1490 1688 bre-

138 1728 256 1782 vius,
278 1734 351 1767 aut
373 1723 565 1783 longius,
590 1738 719 1782 quam
735 1738 907 1766 necesse
931 1732 1008 1766 est.
1033 1723 1232 1766 Liberior
1250 1734 1314 1768 est
1331 1726 1490 1780 oratio,

138 1816 177 1849 et
205 1804 354 1866 plane,
385 1814 432 1847 ut
459 1804 632 1859 (licitur,
669 1804 728 1846 sic
757 1812 798 1846 et
822 1813 882 1846 est
908 1819 1005 1846 vere
1032 1802 1197 1861 soluta,
1226 1820 1313 1848 non
1343 1814 1391 1848 ut
1421 1805 1489 1849 fu—

140 1887 229 1946 giat
252 1895 414 1940 tamen,
443 1894 518 1927 aut
544 1893 676 1938 erret,
700 1883 773 1926 sed
798 1893 845 1926 ut
871 1884 961 1926 sine
978 1883 1162 1927 vinculis
1187 1885 1266 1927 sibi
1288 1885 1379 1944 ipsa
1403 1902 1492 1929 mo-

140 1966 325 2009 deretur.
358 1967 558 2024 Namque
591 1981 669 2024 ego
702 1963 807 2007 illud
833 1964 1042 2007 assentior
1066 1964 1389 2024 Theophrasto,
1417 1966 1491 2025 qui

142 2055 265 2106 putat
292 2046 550 2101 orationem,
568 2061 661 2103 quae
675 2043 849 2103 quidem
876 2044 930 2086 sit
955 2043 1087 2103 polita
1112 2054 1240 2103 atque
1262 2044 1370 2088 facta
1386 2061 1492 2104 quo-

142 2124 239 2167 dam
275 2124 429 2180 modo,
470 2140 557 2167 non
590 2122 813 2178 adstriete,
853 2122 926 2166 sed
964 2124 1180 2166 remissius
1217 2139 1491 2167 numerosam

143 2220 231 2247 esse
251 2213 462 2264 oportere.

206 2285 395 2340 Etenim,
423 2285 535 2326 sicut
566 2283 638 2327 ille
674 2282 932 2342 suspicatur,
956 2299 1006 2326 ex
1031 2282 1114 2326 illis
1141 2283 1306 2337 modis,
1340 2283 1493 2343 quibus

145 2366 214 2409 hic
246 2365 429 2407 usitatus
454 2380 602 2407 versus
626 2363 827 2419 efficitur,
860 2371 958 2423 post
981 2373 1240 2422 anapaestus,
1274 2365 1495 2424 procerior

146 2442 320 2502 quidam
338 2458 568 2496 numerus,
590 2441 800 2497 effloruit3
825 2441 925 2484 iude
948 2440 1017 2485 ille
1038 2441 1235 2486 licentior
1253 2451 1294 2485 et
1322 2442 1496 2485 divitior

146 2523 269 2566 fluxit
290 2522 610 2582 dithyrambu53
634 2523 756 2581 cujus
774 2522 964 2565 membra
983 2531 1024 2565 et
1043 2523 1170 2582 pedes
1187 2557 1197 2579 ,
1225 2532 1269 2565 ut
1285 2523 1342 2565 ait
1361 2521 1470 2565 idem
1484 2557 1495 2577 ,

149 2612 248 2646 sunt
273 2604 316 2645 in
338 2604 453 2646 omni
480 2600 685 2661 locupleti
714 2605 908 2644 oratione
932 2601 1098 2646 diffusa.
1134 2605 1208 2657 Et,
1237 2603 1268 2644 si
1293 2617 1493 2646 numero-
