1843 3166
317 209 363 244 66
835 206 899 240 DE
925 206 991 240 ΟΒ
1000 205 1128 239 ATOR
1135 205 1163 238 E

320 292 464 349 tellus,
484 294 533 337 C.
558 291 736 346 Laelius,
758 291 832 349 qui
859 306 1009 334 omncs
1035 288 1286 348 eloquentes
1312 286 1508 342 suerunt,
1533 287 1689 330 oratio-

320 390 419 418 ucm
448 390 589 427 suam,
619 381 659 415 ct
689 370 936 431 reipublicae
958 370 1215 431 (lignitatem
1240 367 1521 411 exornabant.

385 457 435 499 L.
451 456 606 515 Neque
619 454 733 497 cnim
748 461 811 496 cst
829 450 1110 495 interdictum
1127 460 1201 494 aut
1219 466 1243 492 a
1263 465 1408 492 rerum
1427 458 1603 502 natura,
1618 457 1693 491 aut

322 554 344 580 a
369 535 463 596 lege
487 534 628 594 aliqua
656 544 785 593 atquc
807 549 948 588 moi-c,
969 542 1017 575 ut
1041 529 1222 592 singulis
1248 529 1497 573 hominibus
1522 544 1575 571 ne
1605 544 1696 572 am-

326 617 456 677 plius,
492 631 622 675 quam
661 613 853 674 singulas
893 623 1028 665 artes,
1064 628 1186 655 nosse
1224 610 1364 654 liccat.
1397 612 1547 668 Quare
1583 626 1692 663 non,

326 699 405 740 ctsi
426 695 807 755 eloquentissimus
825 694 1007 737 Athenis
1026 690 1233 746 Pericles,
1255 690 1456 750 idemque
1471 691 1513 733 in
1530 706 1577 733 ea
1592 690 1698 733 civi-

329 788 416 821 tate
437 775 649 836 plurimos
672 791 808 818 annos
828 775 1028 835 princeps
1049 770 1218 815 consilii
1238 769 1399 831 publici
1421 769 1521 826 fuit,
1539 769 1700 814 idcirco

329 859 523 919 ejusdcm
564 858 754 903 hominis
795 866 924 916 atque
964 855 1070 897 artis
1107 862 1291 911 utraque
1336 849 1516 894 facultas
1556 850 1702 894 existi-

331 940 490 984 manda
519 951 610 995 θεῖς
638 956 736 993 uec,
766 938 799 981 si
833 939 879 980 P.
914 937 1094 979 Crassus
1132 933 1244 976 idem
1281 932 1363 976 fuit
1401 931 1625 992 eloquens,
1662 941 1705 974 ct

330 1021 436 1081 juris
462 1021 646 1081 peritus,
675 1019 730 1062 ob
759 1034 853 1061 cam
887 1032 1060 1059 causam
1088 1015 1198 1057 inest
1226 1012 1270 1057 in
1297 1012 1500 1056 facultate
1529 1011 1702 1056 dicendi

330 1102 439 1161 juris
463 1100 598 1144 civilis
624 1099 812 1143 scientia.

399 1183 514 1226 Nam
539 1181 572 1224 si
599 1180 803 1240 quisque,
833 1187 879 1221 ut
911 1177 953 1219 in
987 1175 1133 1235 aliqua
1157 1184 1248 1218 arte
1272 1184 1312 1218 et
1339 1173 1546 1218 facultate
1569 1173 1710 1218 excel-

337 1263 450 1318 lens,
478 1261 604 1305 aliam
630 1275 803 1321 quoque
833 1268 971 1302 artem
1000 1257 1078 1300 sibi
1108 1255 1380 1312 assumserit,
1412 1256 1471 1299 ita
1502 1254 1713 1315 perficiet,

340 1354 409 1398 ut,
433 1342 551 1403 quod
577 1350 784 1402 praeterea
812 1339 942 1393 sciet,
973 1337 1016 1381 id
1048 1337 1160 1398 ejus,
1189 1338 1234 1380 in
1269 1353 1357 1397 quo
1392 1335 1591 1392 excellet,
1616 1353 1714 1396 pars

340 1422 539 1483 quaedam
564 1437 653 1465 esse
678 1420 880 1464 videatur
906 1436 914 1462 :
942 1418 1043 1462 licet
1075 1419 1156 1461 ista
1188 1418 1355 1461 ratione
1390 1416 1605 1473 dicamus,
1629 1416 1716 1478 pila

342 1505 479 1560 bene,
507 1513 550 1546 ct
581 1501 809 1545 duodecim
839 1500 1021 1561 scriptis
1045 1498 1217 1554 ludere,
1244 1499 1473 1559 proprium
1498 1515 1588 1542 esse
1608 1499 1718 1559 juris

345 1583 513 1640 civilis,
551 1584 760 1643 quoniam
802 1591 1039 1641 utrumque
1072 1597 1225 1624 eorum
1257 1583 1304 1624 Ρ.
1341 1581 1514 1624 Mucius
1557 1581 1720 1640 optimc

346 1664 520 1719 fecerit3
564 1663 801 1723 eademque
834 1663 1002 1706 ratione
1040 1661 1266 1716 dicantur,
1306 1671 1348 1705 et
1384 1678 1492 1721 quos
1529 1659 1721 1717 φυσικοῦς

348 1746 490 1789 Graeci
528 1744 778 1799 nominant,
814 1743 945 1787 iidem
983 1751 1149 1803 poetae‚
1191 1743 1398 1802 quoniam
1438 1741 1723 1802 Empedocles

349 1826 552 1887 physicus
580 1826 803 1886 egi-egium
833 1840 988 1884 poema
1016 1823 1177 1867 fecerit.
1206 1827 1265 1868 At
1286 1823 1371 1867 hoc
1394 1840 1448 1866 ne
1475 1822 1725 1884 philosophi

352 1906 530 1965 quidem
560 1906 663 1966 ipsi,
687 1907 762 1965 qui
793 1905 961 1959 omnia,
992 1905 1102 1948 sicut
1126 1904 1322 1964 propt-ia,
1353 1921 1429 1947 sua
1458 1921 1573 1959 esse,
1596 1914 1726 1964 atque

351 2002 375 2029 a
401 2003 444 2030 se
485 1986 695 2047 possideri
727 1984 901 2040 volunt,
927 1985 1071 2029 dicere
1105 1984 1288 2039 audent,
1318 1985 1624 2045 geometriam,
1651 1995 1728 2028 aut

353 2069 586 2123 musicam,
610 2066 860 2128 philosophi
887 2082 997 2121 esse,
1022 2066 1124 2125 quia
1148 2064 1375 2110 Platonem
1403 2082 1554 2109 omnes
1576 2066 1620 2108 in
1644 2065 1728 2109 illis

354 2147 519 2190 artibus
543 2146 952 2206 praestantissimum
977 2144 1107 2189 fuisse
1132 2145 1361 2188 fateantur.

422 2228 513 2283 Ac,
552 2227 585 2269 si
615 2227 706 2286 jam
739 2224 879 2286 placet
914 2242 1066 2269 omnes
1101 2235 1214 2269 artes
1249 2225 1413 2268 oratori
1448 2225 1729 2286 subjungere,

357 2306 626 2351 tolerabilius
654 2316 741 2360 est,
771 2306 832 2349 sic
860 2307 1006 2367 potius
1036 2305 1200 2361 dicere,
1226 2316 1295 2362 ut,
1324 2306 1532 2365 quoniam
1559 2304 1731 2349 dicendi

358 2386 543 2431 facultas
571 2391 660 2430 non
685 2386 840 2430 debeat
863 2403 953 2430 esse
974 2387 1124 2447 jejuna
1147 2396 1276 2446 atque
1302 2385 1438 2442 nuda,
1463 2385 1537 2429 sed
1559 2401 1733 2445 aspersa

361 2477 492 2528 atque
521 2467 724 2510 distincta
747 2466 985 2511 multarum
1008 2484 1152 2511 rerum
1169 2466 1362 2527 jucunda
1386 2465 1571 2526 quadam
1596 2467 1732 2510 varic-

361 2558 470 2604 tate,
501 2548 556 2592 sit
587 2547 691 2591 boni
729 2548 913 2591 oratoris
948 2547 1086 2591 multa
1120 2548 1300 2591 auribus
1336 2547 1567 2606 accepisse,
1597 2545 1734 2590 multa

364 2628 542 2685 fidisse,
564 2627 701 2671 multa
728 2629 873 2672 animo
904 2638 945 2671 et
970 2629 1255 2688 cogitatione,
1280 2626 1416 2671 mulla
1439 2628 1567 2670 etiam
1590 2627 1734 2688 legen-
