1843 3166
680 182 822 216 LIBER
852 184 895 216 11.
1391 182 1456 230 195

114 259 230 302 cetiae
252 272 452 321 prosunt,
479 272 520 305 et
536 262 750 316 celeritas,
774 273 813 306 et
835 264 961 305 breve
981 262 1155 321 aliquod
1175 263 1356 318 dictum,
1380 281 1457 308 nec

114 338 202 382 sine
219 340 444 402 dignitate,
466 352 509 385 et
528 358 626 385 cum
645 341 805 401 lepore.

178 420 296 463 Nihil
316 422 428 463 enim
455 429 539 463 tarn
564 420 685 463 facile
699 454 710 475 ,
729 437 859 480 quam
877 420 1130 474 multitudo,
1155 437 1178 464 a
1193 422 1391 476 tristitia,
1415 433 1458 465 et

115 514 221 558 saepe
242 500 294 542 ab
319 499 570 554 acerbitate,
604 499 851 555 commode,
888 516 936 543 ac
961 500 1148 543 breviter
1174 509 1216 542 et
1245 510 1388 556 acute,
1417 510 1458 542 et

115 576 247 621 hilare
270 577 383 620 dicto
406 577 643 621 deducitur.

174 658 412 700 LXXXIV.
437 659 624 717 Exposui
657 658 761 714 fere,
799 668 846 702 ut
876 659 1019 718 potui,
1046 658 1166 701 vobis
1201 659 1242 701 in
1271 667 1454 717 utroque

113 750 265 795 genere
289 752 512 779 causarum
541 754 635 796 quae
663 738 783 797 sequi
812 736 1011 791 solerem,
1039 754 1133 797 quae
1159 737 1329 798 fugere,
1362 754 1454 797 quae

112 824 320 873 spectare,
351 832 519 875 quaque
549 818 726 860 omnino
749 818 791 860 in
816 818 953 860 causis
977 818 1142 860 ratione
1169 818 1341 859 versari.

173 896 266 939 Nec
281 894 384 937 illud
402 897 574 938 tertium
592 895 886 940 laudationum
901 913 1034 957 genus
1050 906 1112 940 est
1131 895 1319 951 difficile,
1337 897 1452 955 quod

110 989 189 1033 ego
204 974 324 1016 initio
336 975 454 1033 quasi
468 991 490 1018 a
504 976 724 1035 praeceptis
739 977 893 1019 nostris
908 992 1170 1019 secreveram
1186 993 1193 1018 ε
1212 975 1284 1018 sed
1295 985 1338 1018 et
1352 977 1451 1034 quia

110 1051 244 1095 multa
272 1063 369 1096 sunt
404 1055 647 1097 orationum
674 1071 850 1116 genera,
884 1065 926 1098 et
961 1056 1183 1116 graviora,
1208 1065 1249 1097 et
1279 1055 1452 1113 majoris

109 1133 260 1191 copiae,
285 1132 335 1175 de
360 1133 516 1192 quibus
539 1150 665 1177 nemo
681 1134 766 1177 fere
790 1136 1061 1195 praeciperet,
1084 1144 1126 1177 et
1143 1134 1257 1193 quod
1273 1150 1350 1176 nos
1365 1133 1452 1176 lau-

110 1210 352 1255 dationibus
382 1229 468 1255 non
494 1215 551 1256 ita
582 1213 767 1256 multum
794 1216 855 1257 uti
892 1213 1145 1267 soleremus,
1177 1223 1314 1256 totum
1338 1214 1452 1255 hunc

109 1291 379 1350 segregabam
408 1291 563 1335 locum.
589 1294 675 1352 Ipsi
702 1294 814 1335 enim
839 1295 1000 1347 Graeci,
1033 1294 1167 1353 magis
1192 1291 1384 1352 legendi,
1409 1301 1451 1334 et

108 1369 417 1425 delectationis,
442 1380 515 1414 aut
538 1371 724 1414 hominis
744 1370 924 1431 alicujus
945 1371 1151 1424 ornandi,
1177 1387 1305 1430 quam
1330 1369 1449 1413 utili-

108 1449 204 1491 tatis
231 1449 358 1508 hujus
391 1449 570 1493 forensis
593 1466 739 1501 causa,
778 1449 1044 1493 laudationes
1074 1451 1447 1509 scriptitaverunt3

105 1544 288 1587 quorum
309 1538 408 1571 sunt
429 1527 546 1584 libri,
572 1530 728 1588 quibus
745 1528 1071 1583 Themistocles,
1090 1528 1315 1582 Aristides,
1340 1530 1449 1587 Age-

105 1606 252 1662 silaus,
273 1607 615 1667 EpaminondaS,
644 1606 886 1666 Philippus,
913 1606 1155 1650 Alexander
1172 1605 1329 1665 aliique
1354 1605 1446 1649 lau-

105 1685 262 1729 dantur
283 1703 291 1728 :
319 1695 471 1729 nostrae
498 1685 781 1739 laudationes,
805 1686 962 1745 quibus
986 1687 1029 1729 in
1053 1687 1147 1730 foro
1172 1688 1348 1741 utimur,
1373 1695 1447 1729 aut

106 1766 335 1809 testimonii
358 1766 610 1808 brevitatem
635 1766 797 1809 habent
823 1765 980 1809 nudam
1019 1775 1146 1825 atque
1181 1767 1446 1821 inornatam,

105 1855 177 1887 aut
200 1845 444 1888 scribuntur
462 1843 514 1887 ad
541 1844 765 1888 funebrem
792 1845 1064 1898 concionem,
1095 1861 1189 1904 quae
1210 1844 1263 1887 ad
1289 1844 1446 1886 oratio-

105 1924 170 1966 nis
194 1922 361 1966 laudem
388 1924 562 1966 minime
588 1923 910 1967 accommodata
933 1933 1007 1966 est.
1040 1923 1123 1966 Sed
1150 1932 1310 1973 tamen,
1337 1938 1444 1981 quo-

106 2003 219 2045 niam
251 2012 312 2046 est
338 2003 545 2046 utendum
568 2002 818 2062 aliquando,
848 2018 1162 2061 nonnunquam
1184 2002 1313 2044 etiam
1338 2001 1444 2043 scri-

105 2081 314 2137 bendum,
342 2081 459 2125 velut
482 2084 528 2125 P.
547 2082 764 2125 Tuberoni
791 2081 1036 2125 Africanum
1064 2079 1324 2124 avunculum
1352 2079 1443 2122 lau-

104 2160 223 2203 danti
252 2161 417 2220 scripsit
449 2162 497 2204 C.
529 2160 711 2215 Laelius,
750 2160 815 2204 vel
849 2171 898 2205 ut
927 2171 1095 2205 nosmet
1127 2161 1235 2220 ipsi,
1259 2158 1443 2203 ornandi

103 2255 228 2283 causa
242 2273 253 2293 ,
274 2240 523 2283 Graecorum
555 2257 674 2284 more
688 2273 699 2295 ,
722 2241 757 2284 si
786 2256 894 2299 quos
916 2240 1095 2283 velimus
1111 2274 1122 2295 ,
1148 2238 1323 2283 laudare
1344 2254 1443 2299 pos-

105 2319 260 2372 simus;
282 2318 336 2360 sit
361 2334 385 2360 a
411 2319 532 2362 nobis
554 2336 725 2379 quoque
749 2329 954 2363 tractatus
970 2320 1004 2362 is
1026 2319 1156 2362 locus.
1460 2309 1461 2312 Ἴ

165 2398 441 2456 Perspicuum
465 2408 528 2441 est
552 2399 704 2457 igitur,
730 2399 812 2442 alia
832 2413 924 2442 esse
958 2400 1002 2441 in
1031 2399 1205 2442 homine
1230 2396 1441 2457 optanda,

105 2473 185 2516 alia
206 2473 430 2517 laudanda.
456 2478 630 2530 Genus,
651 2477 813 2528 forma,
838 2478 969 2531 vires,
996 2493 1119 2536 opes,
1151 2476 1308 2519 divitiae
1331 2483 1442 2516 cete-

108 2566 235 2609 raque
253 2567 348 2610 quae
364 2553 534 2598 fortuna
557 2555 647 2611 det,
664 2566 739 2598 aut
755 2557 1037 2608 extrinsecus,
1057 2566 1132 2599 aut
1146 2553 1336 2614 corpori,
1356 2567 1442 2593 non

1221 2632 1286 2675 13.
