1843 3166
688 226 831 262 LIBER
862 229 888 261 Ι.
1418 240 1465 283 49

102 316 273 362 rentur,
308 306 360 350 de
386 307 590 364 historia,
615 308 667 351 dc
705 311 986 370 antiquitate,
1017 313 1068 356 de
1093 314 1467 362 administratione

101 385 365 447 reipublicae,
408 385 594 446 denique
635 387 688 431 de
728 399 878 433 nostro
915 392 1008 451 ipso
1042 392 1140 451 jure
1164 394 1309 438 civili?
1345 399 1467 440 Hane

100 467 216 509 enim
255 482 335 527 ego
366 482 540 509 omnem
570 467 813 523 scientiam,
843 479 886 513 et
916 472 1087 531 copiam
1124 489 1288 530 rerum,
1319 476 1363 518 in
1392 485 1468 520 tua

100 546 332 606 prudentia
355 546 540 590 sciebam
570 548 708 591 inesse
738 566 746 590 :
773 550 817 592 in
842 552 1026 595 oratoris
1051 569 1153 596 vero
1178 554 1468 598 instrumento

103 636 188 670 tam
212 626 374 671 lautam
400 626 712 688 supellectilem
741 646 966 690 nunquam
996 632 1201 676 videram.

161 708 289 750 Potes
314 707 462 768 igitur,
484 708 626 767 inquit
652 710 832 753 Crassus
855 710 928 771 (ut
950 709 1034 755 alia
1052 712 1251 756 omittam
1269 714 1469 757 innume-

96 786 252 831 rabilia
275 798 316 831 et
338 788 570 844 immensa,
588 799 630 833 et
648 789 702 833 ad
727 790 870 851 ipsum
886 793 1090 853 tuumjus
1107 792 1232 838 civile
1250 792 1468 855 veniam),

100 877 295 912 oratores
312 877 466 928 putare
479 885 572 923 eos,
587 886 695 929 quos
714 870 872 915 multas
885 872 1014 916 horas
1029 873 1312 934 exspectavit,
1333 890 1467 934 quum

100 947 144 990 in
180 962 380 1008 campum
421 959 674 1010 properaret
708 960 750 994 et
777 951 922 996 ridens
964 962 1005 997 et
1044 953 1317 998 stomachans
1357 955 1466 997 Scae-

99 1025 216 1083 vola,
245 1044 380 1088 quum
419 1031 627 1089 Hypsaeus
663 1032 849 1075 maxima
873 1049 1001 1087 voce,
1030 1032 1229 1092 plurimis
1254 1033 1416 1088 verbis,
1445 1051 1469 1077 a

98 1109 159 1152 M.
184 1110 339 1153 Crasso
363 1119 547 1169 praetore
571 1110 873 1167 contenderet,
891 1122 941 1155 ut
963 1113 1021 1168 ei,
1041 1129 1170 1172 quem
1190 1112 1466 1169 defendebat,

99 1204 230 1232 causa
257 1188 411 1233 cadere
439 1188 589 1233 liceret
618 1207 627 1233 ;
659 1192 738 1234 Cn.
769 1200 915 1234 autem
943 1193 1172 1247 Octavius,
1205 1192 1335 1236 homo
1362 1209 1468 1236 con-

99 1267 277 1324 sularis,
307 1285 396 1313 non
424 1269 568 1312 minus
596 1268 726 1330 longa
752 1271 948 1314 oratione
973 1281 1216 1327 recusaret,
1235 1288 1290 1315 ne
1311 1272 1466 1316 adver·

97 1349 237 1392 sarius
270 1365 399 1393 causa
432 1347 629 1404 caderet,
664 1365 714 1392 ac
744 1365 798 1392 ne
830 1350 887 1405 is,
921 1366 1003 1410 pro
1040 1367 1127 1410 quo
1160 1351 1249 1411 ipse
1282 1351 1467 1409 diceret,

101 1429 218 1490 turpi
243 1428 386 1474 tutelae
410 1428 601 1490 judicio,
624 1438 755 1489 atque
779 1430 899 1473 omni
933 1429 1150 1487 molestia,
1179 1429 1364 1476 stultitia
1389 1431 1465 1475 ad-

99 1510 298 1568 versarii,
325 1510 584 1555 liberaretur
596 1508 613 1553 Ξ)

161 1593 256 1653 Ego
288 1608 390 1636 vero
425 1593 549 1649 istos,
588 1594 729 1653 inquit
756 1594 962 1654 (memini
989 1595 1105 1638 enim
1133 1594 1240 1636 mihi
1289 1607 1466 1636 narrare

97 1672 347 1734 Mucium),
377 1690 465 1717 non
492 1673 622 1718 modo
651 1675 834 1719 oratoris
859 1675 1051 1730 nomine,
1080 1672 1152 1717 sed
1176 1689 1229 1716 ne
1253 1672 1347 1716 foro
1368 1673 1463 1732 qui-

100 1752 198 1796 dem
234 1752 386 1814 dignos
414 1754 619 1813 putarim.
658 1755 793 1814 Atqui
829 1771 917 1798 non
951 1753 1088 1797 defuit
1127 1752 1208 1797 illis
1247 1752 1465 1812 patronis,

102 1833 245 1892 inquit
266 1835 466 1888 Crassus,
483 1832 748 1893 eloquentia,
768 1850 907 1893 neque
924 1833 1094 1876 dicendi
1114 1833 1225 1876 ratio
1242 1842 1318 1875 aut
1339 1833 1464 1892 copia

101 1912 176 1957 sed
193 1913 303 1973 juris
328 1912 464 1957 civilis
482 1912 715 1973 prudentia
736 1930 745 1956 :
770 1912 887 1973 quod
907 1912 1015 1956 alter
1031 1912 1147 1972 plus,
1169 1911 1260 1972 lege
1275 1911 1464 1971 agendo,

102 1993 295 2053 petebat,
321 2009 453 2053 quam
481 2003 692 2053 quantum
720 1991 787 2035 lex
813 1994 856 2035 in
879 1994 964 2035 XII
992 1991 1166 2035 Tabulis
1190 1992 1463 2051 permiserat3

103 2071 222 2133 quod
253 2089 388 2132 quum
422 2073 713 2133 impetrasset,
740 2087 872 2114 causa
896 2070 1067 2114 caderet
1097 2087 1106 2113 :
1134 2069 1240 2112 alter
1267 2070 1463 2128 iniquum

104 2152 285 2213 putabat
318 2151 415 2214 plus
453 2169 599 2196 secum
632 2153 725 2213 agi,
753 2167 886 2212 quam
916 2149 1033 2210 quod
1061 2159 1154 2193 erat
1183 2150 1225 2192 in
1255 2149 1424 2192 actione
1452 2166 1462 2190 :

104 2250 243 2294 neque
282 2233 569 2295 intelligebat,
605 2233 638 2276 si
677 2233 736 2275 ita
771 2240 879 2275 esset
913 2240 1078 2285 actum,
1115 2228 1233 2272 litem
1269 2228 1464 2272 adversa-

104 2315 218 2357 rium
243 2314 530 2374 perditurum.

168 2396 392 2438 XXXVII.
419 2393 564 2450 Quid?
586 2394 653 2437 his
682 2393 830 2452 paucis
868 2391 1042 2444 diebus,
1068 2406 1233 2444 nonne,
1262 2388 1385 2431 nobis
1418 2389 1461 2430 in

107 2473 313 2519 tribunali
337 2476 393 2531 Q.
413 2474 629 2533 Pompeii,
651 2472 847 2532 praetoris
865 2471 1040 2524 urbani,
1062 2468 1284 2512 familiaris
1306 2469 1464 2520 nostri,

107 2554 377 2610 sedentibus,
401 2554 532 2596 homo
555 2569 607 2596 ex
632 2567 815 2594 numero
839 2549 1099 2592 disertorum
1124 2546 1391 2607 postulabat,
1418 2555 1465 2587 ut

108 2632 188 2688 illi,
216 2633 332 2678 unde
360 2642 588 2694 peteretur,
620 2641 741 2674 vetus
773 2639 901 2688 atque
934 2630 1091 2671 usitata
1118 2627 1311 2685 exceptio
1342 2624 1464 2667 dare-

306 2728 353 2755 Π,
1252 2707 1276 2753 A
