1843 3166
372 165 443 201 280
881 162 946 196 DE
977 161 1206 197 ORATORE

433 248 548 290 LXI.
565 247 689 288 ——ln
718 244 833 287 omni
864 260 989 300 voce,
1017 244 1156 303 inquit
1184 246 1385 298 Crassus,
1413 252 1477 285 est
1501 242 1716 302 quoddam

372 326 580 382 medium,
606 324 678 369 sed
693 342 817 367 suum
835 325 988 383 cuique
1005 325 1099 367 voci
1118 341 1126 365 :
1150 323 1250 366 hine
1270 321 1477 382 gradatim
1492 322 1718 365 ascendere

372 422 523 451 vocem
538 405 642 449 utile
653 415 696 448 et
712 421 838 448 suave
852 414 925 447 est.
943 405 1053 447 Nam
1068 420 1090 446 a
1109 403 1319 463 principio
1336 400 1541 457 clamare,
1555 411 1718 461 agreste

370 485 577 546 quiddam
613 494 698 540 est;
723 493 765 526 et
798 484 911 527 idem
954 481 1061 527 illud
1096 481 1149 525 ad
1188 481 1442 524 firmandam
1476 490 1540 524 est
1570 497 1718 524 vocem

372 564 569 608 salutare.
607 563 776 607 Deinde
813 572 874 606 est
909 561 1127 621 quoddam
1165 561 1451 604 contentionis
1479 569 1717 602 extremum

371 642 515 704 (quod
546 652 687 685 tamen
723 643 900 685 interius
935 650 1022 695 est,
1057 657 1185 699 quam
1217 640 1485 682 acutissimus
1515 637 1718 699 clamor),

369 739 456 781 quo
485 731 525 763 te
545 720 687 763 fistula
712 720 912 779 progredi
934 735 1021 761 non
1039 720 1168 774 sinet3
1195 727 1236 761 et
1258 728 1401 760 tamen
1421 718 1472 760 ab
1499 718 1589 778 ipsa
1611 734 1716 761 con-

370 801 560 844 tentione
575 799 803 843 revocabit.
820 799 1002 842 Estitem
1017 807 1164 840 eontra
1178 796 1395 856 quoddam
1410 796 1454 839 in
1467 798 1718 841 remissione

371 880 691 940 gravissimum,
728 895 898 939 quoque
923 888 1125 937 tanquam
1161 892 1367 920 sonorum
1394 875 1598 937 gradibus
1624 876 1718 920 des·

371 960 579 1003 cenditur.
601 961 701 1002 Haee
719 960 920 1013 varietas,
939 957 1063 1000 ethic
1087 973 1163 1016 per
1182 971 1327 999 omnes
1350 971 1477 999 sonos
1496 956 1613 999 vocis
1626 973 1719 1000 cur-

370 1056 460 1094 sus,
501 1048 543 1081 et
569 1055 612 1081 se
649 1039 860 1093 tuebitur,
886 1047 926 1081 et
961 1038 1120 1080 actioni
1155 1036 1303 1079 afferet
1328 1036 1596 1079 suavitatem.
1633 1036 1717 1079 Sed

368 1116 649 1161 fistulatorem
684 1117 800 1160 domi
835 1116 1084 1176 relinquetis
1100 1149 1111 1170 ‚
1136 1131 1308 1159 sensum
1331 1114 1459 1173 hujus
1487 1123 1718 1158 consuetu-

366 1197 477 1240 dinis
498 1198 719 1241 vobiscum
746 1195 799 1239 ad
825 1196 967 1240 sorum
989 1195 1200 1238 deferetis.

429 1276 579 1332 Edidi‚
603 1293 695 1336 quae
730 1277 871 1336 potui,
900 1292 986 1318 non
1022 1285 1069 1318 ut
1094 1274 1231 1330 volui,
1254 1274 1328 1317 sed
1350 1283 1399 1318 ut
1423 1290 1490 1316 me
1511 1274 1717 1334 temporis

369 1357 576 1416 angustiae
610 1365 854 1414 coegerunt.
891 1355 1056 1398 Scitum
1079 1363 1142 1396 est
1165 1355 1304 1407 enim,
1329 1369 1502 1396 causam
1523 1353 1716 1396 conferre

370 1436 412 1478 in
437 1445 629 1494 tempus,
656 1452 788 1494 quum
812 1434 965 1477 afferre
990 1433 1133 1493 plura,
1155 1433 1188 1476 si
1214 1434 1380 1492 cupias,
1403 1450 1492 1476 non
1517 1448 1660 1492 queas.

429 1540 491 1546 -
503 1516 568 1555 Tu
582 1529 704 1567 vero,
720 1514 861 1571 inquit
873 1511 1051 1555 Catulus
1065 1545 1075 1565 ‚
1095 1511 1303 1571 collegisti
1319 1512 1484 1566 omnia,
1506 1521 1714 1570 quantum

365 1608 444 1652 ego
467 1607 640 1651 possum
658 1589 870 1649 judicare,
902 1590 961 1631 ita
981 1588 1206 1644 divinitus,
1239 1599 1286 1631 ut
1307 1605 1395 1631 non
1417 1605 1441 1631 a
1464 1591 1627 1633 Graecis
1654 1591 1715 1633 di-

364 1671 540 1726 dicisse,
561 1669 632 1713 sed
660 1685 731 1712 eos
754 1670 866 1728 ipsos
887 1669 976 1711 haec
996 1667 1147 1710 docere
1172 1683 1298 1727 posse
1320 1667 1504 1711 videare.
1524 1670 1602 1714 ‚Me
1622 1670 1718 1728 qui-

364 1750 460 1792 dem
485 1750 606 1793 istius
629 1749 836 1792 sermonis
867 1748 1118 1808 participem
1146 1747 1306 1791 factum
1343 1763 1432 1791 esse
1455 1748 1644 1809 gaude03
1668 1766 1716 1793 ae

364 1829 535 1885 vellem,
561 1839 608 1872 ut
626 1845 746 1872 meus
774 1844 916 1888 gener,
942 1826 1098 1871 sodalis
1126 1837 1246 1884 tuus>
1268 1828 1525 1872 Hortensius
1541 1862 1552 1884 ,
1573 1828 1719 1873 affuis-

365 1918 449 1951 set:
475 1925 603 1968 quem
641 1907 814 1968 quidem
841 1924 920 1968 ego
943 1906 1112 1950 confido
1146 1907 1345 1950 omnibus
1370 1908 1461 1950 istis
1492 1906 1687 1952 laudibus
1703 1943 1714 1964 ‚

364 2005 470 2048 quas
492 1999 539 2032 tu
566 1989 762 2031 oratione
784 1986 1033 2047 complexus
1060 2003 1124 2042 es,
1147 1985 1426 2030 excellentem
1453 1986 1556 2030 fore.

427 2070 556 2112 -Et
587 2070 787 2121 Crassus,
809 2069 918 2109 Fore
944 2065 1080 2109 dicis?
1103 2066 1268 2126 inquit:
1294 2081 1372 2125 ego
1392 2081 1493 2109 vero
1513 2082 1601 2110 esse
1624 2068 1713 2127 jam

366 2146 536 2206 judico,
562 2156 604 2189 et
635 2156 727 2189 tum
746 2145 955 2204 judicavi,
984 2162 1139 2205 quum,
1165 2161 1234 2188 me
1267 2143 1464 2202 consule,
1491 2146 1535 2188 in
1563 2155 1712 2190 senatu

365 2242 535 2269 causam
571 2226 758 2269 defendit
785 2226 956 2282 Africae,
983 2242 1208 2285 nuperque
1239 2227 1368 2269 etiam
1396 2227 1552 2287 magis,
1579 2244 1711 2287 quum

364 2322 442 2365 pro
466 2305 674 2364 Bithyniae
706 2321 805 2365 rege
835 2304 952 2348 dixit.
987 2306 1282 2362 Quamobrem
1318 2315 1432 2350 recte
1461 2305 1602 2361 vides,
1629 2308 1711 2350 Ca-

363 2383 470 2428 tule:
501 2384 607 2427 nihil
634 2385 746 2427 enim
780 2386 848 2428 isti
871 2384 1126 2429 adolescenti
1161 2401 1298 2445 neque
1318 2401 1343 2429 a
1374 2395 1547 2441 natura,
1571 2401 1712 2446 neque

365 2479 388 2507 a
411 2462 607 2507 doctrina
623 2463 764 2507 deesse
785 2465 936 2508 sentio.

427 2544 527 2600 Quo
550 2544 683 2603 magis
708 2553 769 2586 est
795 2545 889 2601 tibi,
926 2546 1074 2601 Cotta,
1101 2555 1141 2588 et
1177 2545 1274 2599 tibi,
1301 2543 1486 2604 Sulpici,
1526 2542 1708 2604 vigilan-
