1843 3166
734 231 873 265 LIBER
909 232 931 263 1.
1463 234 1511 281 a„

145 312 424 372 exprimenda
448 314 587 355 verbis
612 314 921 369 arbitraretur,
949 330 1101 356 novam
1133 317 1362 375 qnamdam
1390 318 1513 361 smxit

146 394 188 434 in
210 391 331 435 libris
352 393 596 435 civitatem:
625 410 760 452 usque
786 411 836 436 eo
857 394 948 449 itta,
971 411 1064 453 quae
1081 394 1261 438 (licenda
1283 396 1513 455 dejustitia

145 473 346 531 putabat,
378 490 401 516 a
433 473 528 516 vitae
566 474 899 528 consuetudine,
935 485 974 517 et
1010 492 1033 517 a
1064 475 1288 518 civitatum
1323 478 1516 520 moribus

146 553 452 596 abhorrebant.

208 633 341 691 Quod
365 635 398 676 si
424 650 471 677 ea
503 636 795 694 probarentur
828 638 871 678 in
904 636 1076 697 populis
1106 646 1234 697 atque
1264 639 1305 681 in
1336 639 1520 682 civitati—

144 717 244 768 l›ns;
273 715 370 774 quis
401 715 499 770 tibi,
534 718 707 773 Crasse,
736 719 1041 773 concessisset,
1074 717 1313 762 clarissimo
1339 720 1451 774 viro,
1477 731 1517 763 et

145 794 414 856 amplissimo
439 797 625 857 principi
657 798 861 852 civitatis,
889 808 936 841 ut
971 797 1041 841 illa
1075 798 1239 842 diceres
1264 800 1306 841 in
1334 801 1522 843 maxima

144 878 352 919 mucione
385 886 561 919 tuorum
599 878 783 933 civium,
815 895 910 937 quae
939 877 1114 922 dixisti?
1146 880 1319 940 Eripz'le
1351 895 1432 922 nos
1466 896 1522 922 (ar

145 961 351 1014 mmet-ils,
374 961 526 1019 eripite
548 973 630 1001 nos
652 974 710 1001 ex
723 958 942 1016 saucibus
961 976 1107 1002 eorum
1121 995 1132 1011 ‚
1156 976 1340 1021 quorum
1368 959 1521 1003 crade—

145 1038 244 1081 ll'las
273 1047 422 1082 nostro
450 1041 666 1098 sanguine
697 1054 784 1081 non
813 1049 956 1100 polest
983 1039 1153 1100 eaplerl'
1177 1057 1187 1081 :
1217 1039 1350 1083 nolite
1379 1043 1521 1083 sinere

145 1135 224 1161 πω
260 1122 465 1179 cuiqnam
505 1123 661 1163 servire
676 1154 686 1171 ,
725 1120 811 1162 nisi
849 1119 967 1163 vobis
1008 1123 1219 1163 uniuersis
1234 1154 1246 1171 ‚
1285 1120 1443 1180 quibus
1482 1131 1521 1163 et

140 1216 379 1265 possumus
411 1208 452 1243 ec
480 1199 701 1243 debemus.
737 1202 908 1243 Omitto
939 1202 1164 1253 miserias,
1200 1201 1240 1242 in
1271 1200 1446 1260 quibus,
1477 1210 1523 1243 ut

146 1280 205 1322 illi
234 1281 375 1336 aiunt,
403 1282 468 1323 vir
495 1280 618 1324 fortis
648 1297 737 1323 esse
766 1298 853 1323 non
887 1290 1026 1340 potest
1056 1298 1063 1323 :
1096 1282 1444 1337 omittofauces‚
1472 1298 1523 1323 ex

146 1361 304 1419 quibus
340 1371 379 1404 te
411 1363 521 1422 eripi
550 1363 631 1417 vis,
661 1378 713 1404 ne
739 1361 905 1421 judicio
936 1363 1087 1420 iniquo
1115 1361 1397 1404 exsorbeatur
1426 1377 1523 1403 san—

148 1442 240 1502 guis
265 1452 389 1498 tuus;
420 1442 539 1501 quod
564 1444 747 1502 sapienti
776 1452 935 1503 negant
966 1442 1163 1485 accidere
1190 1457 1340 1501 posse:
1368 1445 1524 1485 servire

148 1540 249 1566 vero
280 1540 364 1566 non
390 1523 520 1566 modo
549 1532 610 1580 te,
635 1523 709 1567 sed
739 1525 991 1567 universum
1018 1532 1236 1578 senatum,
1271 1523 1394 1582 cujus
1426 1532 1519 1565 tum

148 1620 320 1646 eausam
348 1604 523 1664 agebas,
546 1620 676 1647 ausus
701 1621 744 1647 es
770 1604 940 1647 dicere?

211 1686 415 1728 Potestne
434 1687 590 1740 virtus,
610 1688 784 1740 Crasse,
810 1687 988 1737 servire,
1015 1687 1106 1728 istis
1121 1685 1395 1739 auc-toribus,
1417 1700 1527 1743 quo-

149 1783 246 1808 rum
288 1776 334 1808 tu
366 1775 580 1825 praecepta
613 1767 797 1808 oratoris
836 1764 1039 1808 facultate
1075 1763 1402 1825 complecteris?
1433 1781 1528 1824 quae

149 1857 186 1889 et
219 1863 408 1906 semper,
438 1856 480 1889 et
511 1846 599 1890 sola
630 1845 764 1889 libera
797 1856 880 1901 est,
909 1863 1118 1906 quaeque,
1149 1845 1316 1889 etiamsi
1344 1861 1528 1905 corpora

150 1937 275 1987 capta
306 1928 391 1970 sint
423 1929 575 1983 armis,
611 1938 686 1971 aut
719 1928 955 1970 constricta
988 1926 1195 1982 vinculis,
1223 1936 1369 1969 tamen
1402 1943 1528 1969 suum

147 2010 238 2068 jus,
264 2018 395 2068 atque
418 2010 616 2052 omnium
643 2025 789 2052 rerum
820 2009 1081 2067 impunitam
1109 2006 1355 2050 libertatem
1382 2016 1529 2049 tenere

151 2090 316 2133 debeat.
344 2091 454 2146 Quae
477 2106 580 2133 vero
609 2089 836 2144 addidisti,
866 2105 953 2131 non
983 2087 1114 2131 modo
1141 2097 1341 2130 senatum
1367 2086 1528 2129 servire

146 2186 277 2229 posse
311 2169 494 2230 populo,
530 2170 604 2214 sed
636 2171 767 2213 etiam
799 2168 974 2222 (leber-e,
1001 2169 1098 2228 quis
1130 2168 1213 2211 hoc
1241 2166 1529 2227 philosophus

155 2261 241 2294 tam
277 2250 440 2303 mollis,
469 2261 555 2294 tam
589 2250 840 2311 languidus,
872 2259 957 2293 tam
987 2259 1240 2303 enervatus,
1263 2258 1351 2291 tam
1384 2247 1529 2290 omnia

153 2331 206 2375 ad
239 2331 507 2391 voluptatem
541 2335 736 2392 corporis
772 2330 1058 2389 doloremque
1091 2329 1306 2385 referens,
1345 2328 1531 2388 probare

154 2412 325 2472 posset?
343 2413 548 2456 Senatum
570 2413 731 2456 servire
756 2410 942 2471 populo,
965 2412 1036 2453 cui
1064 2408 1253 2470 populus
1275 2410 1364 2469 ipse
1383 2406 1530 2451 mode-

155 2492 279 2535 randi
313 2501 355 2535 et
384 2491 562 2552 regendi
599 2493 662 2535 sui
693 2499 974 2551 potestatem,
1008 2491 1129 2549 quasi
1161 2489 1369 2550 quasdam
1400 2486 1530 2530 habe-

160 2589 255 2628 naS,
284 2572 563 2615 tradidisset?

1199 2669 1250 2693 σε)
1275 2650 1388 2693 dicta
1418 2648 1531 2691 arbi-

222 2654 333 2696 LIII,
374 2656 525 2712 Itaque
550 2654 640 2696 hate
666 2670 799 2711 quum
830 2670 851 2695 a
879 2662 918 2695 te
943 2652 1149 2695 divinitus
1171 2670 1219 2711 νζ,
