1843 3166
334 177 408 214 336
819 178 883 214 DE
911 179 1158 215 ORATORE.

327 260 470 288 scutum
500 253 592 289 illud
621 253 714 302 signi
734 266 840 289 causa
863 254 1036 302 positum.
1062 255 1270 291 Marianum
1289 263 1410 292 autem
1429 264 1572 293 scutum
1592 258 1684 294 cim-

327 314 471 350 bricum
486 322 616 361 vocat,
633 323 835 362 propterea
858 317 963 364 quod
975 344 985 362 ,
1005 316 1162 353 Cimbris
1179 329 1301 364 nuper
1324 329 1344 353 a
1367 319 1489 354 Mario
1509 319 1631 366 victis,
1648 321 1687 355 in

326 375 540 411 memoriam
569 376 752 422 victoriae,
784 376 957 412 dominus
987 377 1148 412 tabcrnae
1177 385 1321 413 scutum
1352 380 1612 427 suspenderat,
1636 381 1687 417 sic

325 435 466 482 pictum
483 448 553 483 pro
572 437 732 488 tabernae
752 436 868 486 signo.
889 438 1043 473 Scutum
1061 437 1174 486 igitur
1191 438 1379 486 pendebat
1396 438 1435 474 in
1454 440 1604 476 taberna
1616 454 1686 488 pro

325 497 449 545 signo,
462 498 500 532 in
520 511 597 545 quo
617 499 743 533 Gallus
756 498 919 546 linguam
938 498 1128 545 ejiciebat,
1141 499 1180 534 id
1199 506 1271 545 est,
1291 501 1491 536 exserebat.
1505 501 1564 537 Sic
1577 502 1684 547 enim,

324 557 363 592 in
385 559 643 594 contumeliam
668 566 704 594 et
734 559 1026 605 deformitatem,
1055 572 1139 594 eum
1165 560 1263 596 foede
1289 560 1496 608 pinxerant.
1519 563 1685 598 Fortasse

327 618 435 654 etiam
448 646 457 664 ,
477 620 582 667 quod
606 620 644 655 in
661 620 816 657 historia
834 620 1012 668 scriptum
1031 621 1183 667 scirent,
1204 623 1347 657 Gallum
1361 649 1372 667 ,
1398 623 1465 670 qui
1483 636 1567 658 cum
1585 624 1684 658 Tor-

325 686 441 726 quato
472 688 690 728 pugnasset,
711 681 875 730 linguam
899 682 1120 727 exseruisse,
1145 688 1187 716 ut
1207 689 1310 729 patet
1334 694 1353 717 e
1382 683 1499 719 Livio.
1524 683 1684 729 Plinius,

323 752 423 774 xxxv
430 767 439 785 ,
462 744 480 781 4
496 768 505 784 ,
524 753 600 774 non
624 743 645 775 J
648 741 741 786 ulio,
756 742 819 777 sed
840 743 971 777 Crasso
992 741 1123 776 tribuit
1149 742 1247 776 hunc
1263 742 1410 788 jocum,
1429 756 1496 778 nec
1518 752 1661 780 scutum
1674 773 1683 790 ,

322 800 387 835 sed
411 801 575 835 tabulam
601 801 780 837 nominat.
802 802 862 837 Sic
881 801 978 836 enim
1002 802 1130 837 scribit
1149 815 1157 836 ε
1178 818 1196 834 (ε
1216 803 1311 838 Hinc
1330 804 1390 838 ille
1414 804 1535 840 Crassi
1553 813 1683 840 orato—

320 861 370 896 ris
390 862 493 909 lepos
508 863 648 910 agentis
671 863 740 898 sub
759 862 968 907 veteribus,
991 875 1107 910 quum
1126 863 1226 898 testis
1245 865 1484 912 compellatus
1502 865 1654 901 instaret
1675 880 1682 901 τ

322 922 391 958 Dic
410 935 516 972 ergo,
540 925 667 959 Crasse
679 952 688 969 ‚
715 925 861 972 qualem
879 936 937 959 me
953 923 1065 959 reris?
1084 925 1209 959 Talem
1222 952 1232 969 ,
1256 925 1399 973 inquit,
1425 926 1621 962 ostendens
1644 927 1682 962 in

321 984 446 1020 tabula
464 985 607 1031 pictum
635 984 891 1021 infacetissime
910 986 1055 1020 Gallum
1075 993 1300 1022 exserentem
1321 987 1494 1036 linguam.
1518 1004 1533 1020 »
1556 989 1678 1023 Tuan.

376 1047 408 1080 T
404 1047 449 1081 ilo
473 1046 637 1082 Pinario.
657 1047 760 1082 Titus
783 1046 952 1082 Pinarius
971 1046 1010 1081 in
1029 1047 1190 1082 dicendo
1216 1055 1381 1083 mentum
1398 1062 1475 1084 non
1494 1049 1598 1084 aliter
1621 1050 1680 1085 in—

320 1108 534 1154 torquebat,
560 1121 672 1155 quam
699 1107 765 1155 qui
796 1108 969 1144 dentibus
987 1108 1165 1157 frangunt
1194 1122 1345 1154 nucem;
1370 1111 1476 1158 quod
1505 1123 1621 1158 quum
1646 1113 1677 1146 J.

319 1168 436 1203 Caesar
454 1168 788 1213 animadvertisset,
808 1170 952 1216 excepit
965 1169 1215 1205 adversarium
1237 1170 1395 1205 ridiculo
1411 1184 1418 1206 :
1435 1171 1521 1217 Dic,
1540 1170 1678 1218 inquit,

318 1229 347 1263 si
367 1228 460 1276 quid
478 1229 584 1274 velis,
604 1235 732 1276 postea
753 1242 864 1277 quam
882 1241 1015 1265 nucem
1035 1230 1201 1278 fregeris.
1216 1231 1351 1266 sarman.

374 1291 462 1325 Cum
486 1290 524 1326 C.
554 1292 718 1326 IlIetello.
747 1293 792 1336 Q.
811 1292 984 1326 Metellus
1008 1291 1274 1327 Macedonicus
1293 1299 1456 1340 quatuor
1476 1292 1607 1327 habuit
1628 1291 1675 1327 fi-

317 1351 385 1386 lios
405 1352 614 1386 consulares
626 1379 635 1396 ‚
657 1364 819 1398 quorum
842 1358 884 1386 ut
902 1352 1059 1400 quisque
1085 1359 1225 1388 ceteros
1242 1360 1362 1397 aetate,
1382 1353 1432 1388 sic
1450 1352 1600 1401 ingenio
1613 1366 1677 1388 su—

316 1411 483 1458 perabat.
510 1411 686 1445 Omnium
714 1411 827 1459 igitur
844 1412 993 1447 minime
1012 1412 1224 1461 ingeniosus
1243 1414 1314 1448 fuit
1338 1415 1377 1449 C.
1395 1414 1566 1449 Metellus
1578 1442 1587 1458 ,
1606 1426 1674 1448 cu-

314 1471 374 1518 jus
393 1471 600 1507 tarditatem
613 1483 785 1506 accusans
805 1471 931 1517 Scipio
946 1472 1067 1507 aiebat
1088 1487 1095 1507 :
1112 1490 1125 1504 «
1142 1473 1180 1508 Si
1202 1473 1383 1519 Quintum
1401 1480 1549 1521 pareret
1561 1480 1677 1508 mater

318 1533 418 1577 ejus,
438 1531 580 1566 asinum
598 1530 708 1565 fuisse
727 1531 943 1576 parituram.
962 1547 976 1562 »
996 1534 1130 1567 Pnus'r.

369 1592 432 1625 Ex
449 1591 596 1625 oerariis
624 1591 772 1624 exemit.
800 1591 976 1626 Censores
1000 1592 1116 1625 malos
1136 1590 1231 1625 cives
1251 1592 1301 1625 sic
1324 1591 1522 1635 notabant,
1541 1598 1584 1626 ut
1612 1593 1677 1639 qui

315 1659 463 1688 senator
485 1658 593 1696 esset,
614 1658 744 1686 senatu
761 1658 995 1696 moveretur3
1015 1651 1081 1699 qui
1100 1664 1213 1698 eques
1231 1663 1427 1695 romanus,
1445 1663 1582 1698 equum
1600 1665 1677 1699 pu-

313 1714 452 1749 blicum
471 1713 673 1757 amitteret3
694 1712 760 1760 qui
787 1725 877 1747 vero
896 1712 1081 1759 plebeius,
1111 1712 1215 1748 fieret
1240 1712 1405 1757 aerarius,
1424 1724 1492 1747 nec
1524 1721 1615 1748 esset
1638 1712 1675 1746 in

314 1776 399 1813 albo
433 1773 606 1809 centuriae
634 1786 706 1808 suae
736 1780 913 1820 tanquam
943 1773 1052 1819 civis,
1089 1774 1153 1809 sed
1178 1773 1434 1808 tantummodo
1460 1785 1530 1820 pro
1556 1773 1675 1821 capite

312 1847 380 1870 suo
392 1863 401 1879 ‚
421 1833 553 1869 tributi
576 1833 727 1868 nomine
742 1846 812 1869 aera
830 1834 1021 1881 penderet.
1041 1834 1080 1869 Si
1100 1834 1183 1881 quis
1200 1833 1367 1881 plebeius
1388 1833 1455 1869 hac
1474 1833 1674 1881 ignominia

312 1897 514 1941 levabatur,
525 1895 628 1930 illurn
655 1908 703 1930 ex
722 1896 867 1930 cerariis
886 1896 1002 1931 eximi
1018 1895 1202 1931 dicebant.
1224 1895 1360 1930 STREB.

364 1959 533 1992 Lustrum
568 1956 743 1991 condidit.
780 1957 900 1992 Censu
935 1963 1088 2003 peracto
1100 1984 1109 2001 ‚
1149 1955 1419 2002 immolatisque
1460 1967 1544 1998 sue,
1580 1967 1648 1990 ove
1663 1983 1672 1999 ,

312 2025 438 2062 tauro,
469 2019 625 2053 lustrum
645 2017 838 2053 conditum
857 2018 1062 2062 dicebatur,
1083 2017 1190 2064 quod
1209 2016 1247 2052 in
1274 2015 1457 2051 censendo
1477 2014 1560 2050 finis
1579 2023 1672 2051 esset

310 2080 447 2123 factus3
464 2091 541 2114 non
560 2086 700 2124 autem,
717 2091 861 2126 semper
875 2085 956 2114 acto
971 2091 1082 2113 censu
1093 2105 1102 2122 ,
1122 2079 1276 2113 lustrum
1296 2077 1539 2111 condebatur.
1558 2077 1671 2121 Nam,

310 2139 340 2175 si
360 2139 451 2186 quid
482 2139 622 2183 dirum,
647 2146 683 2174 et
714 2139 940 2183 ominosum,
973 2145 1036 2174 aut
1061 2138 1248 2173 sinistrum
1276 2137 1484 2182 accidisset,
1511 2137 1668 2171 lustrum

311 2200 423 2236 condi
447 2200 548 2235 nefas
560 2207 648 2235 erat.
664 2201 707 2235 T.
721 2200 847 2235 Livius
868 2214 875 2235 :
891 2216 904 2231 «
919 2201 1056 2235 Census
1070 2206 1171 2234 actus
1184 2211 1229 2233 eo
1248 2211 1346 2234 anno
1359 2212 1367 2243 3
1381 2200 1554 2242 lustrum,
1574 2210 1668 2244 pro-

310 2268 393 2308 pter
406 2260 629 2307 Capitolium
638 2267 786 2306 captum
797 2289 805 2305 ‚
818 2261 1006 2296 consulem
1017 2260 1188 2303 occisum,
1204 2259 1316 2294 condi
1325 2258 1538 2307 religiosum
1547 2258 1629 2293 fuit.
1651 2273 1665 2289 »

310 2323 441 2368 Itaque
459 2333 587 2355 census
605 2320 635 2355 is
647 2347 657 2365 ,
672 2333 747 2368 quo
767 2323 923 2356 lustrum
946 2321 1188 2364 condebatur,
1210 2321 1255 2354 ab
1274 2320 1436 2367 Ulpiano
1459 2331 1587 2354 census
1605 2319 1667 2353 lu-

310 2382 427 2417 stralis
445 2382 662 2428 appellatur.
682 2381 869 2430 Significat
889 2383 1001 2431 igitur
1019 2381 1164 2428 Scipio,
1185 2381 1323 2416 civitati
1344 2392 1464 2427 prope
1484 2391 1577 2426 opus
1592 2391 1667 2415 esse

311 2442 520 2489 expiatione
535 2470 544 2487 ,
571 2442 676 2489 quod
690 2469 699 2482 ,
725 2456 839 2490 quum
860 2444 1003 2479 Asellus
1029 2450 1218 2489 exemptus
1239 2443 1283 2477 sit
1313 2454 1358 2477 ex
1377 2440 1508 2476 aerariis
1539 2438 1667 2490 (quod

310 2503 518 2539 ominosum
538 2511 573 2538 et
592 2503 711 2538 dirum
731 2504 848 2539 videri
858 2503 972 2547 vult),
994 2504 1185 2539 conditum
1198 2511 1320 2538 tamen
1338 2504 1492 2538 lustrum
1502 2501 1566 2545 sit;
1579 2501 1665 2536 inde

311 2565 407 2600 enim
419 2565 545 2601 infelix
564 2566 720 2601 lustrum
731 2573 766 2601 et
777 2566 1028 2602 calamitosum
1042 2566 1150 2602 fuisse
1161 2593 1171 2610 ‚
1184 2567 1415 2612 multumque
1433 2563 1518 2599 mali
1536 2569 1663 2610 postea
