<?xml version="1.0" encoding="UTF-8"?>
<!DOCTYPE html PUBLIC "-//W3C//DTD XHTML 1.0 Transitional//EN"
    "http://www.w3.org/TR/xhtml1/DTD/xhtml1-transitional.dtd">
<html xmlns="http://www.w3.org/1999/xhtml" xml:lang="en" lang="en">
 <head>
  <title>
</title>
<meta http-equiv="Content-Type" content="text/html;charset=utf-8" />
  <meta name='ocr-system' content='tesseract 3.04.00' />
  <meta name='ocr-capabilities' content='ocr_page ocr_carea ocr_par ocr_line ocrx_word'/>
</head>
<body>
  <div class='ocr_page' id='page_1' title='image "./deoratorelibritr00ciceuoft_0166.png"; bbox 0 0 1843 3166; ppageno 0'>
   <div class='ocr_carea' id='block_1_1' title="bbox 362 170 1198 215">
    <p class='ocr_par' dir='ltr' id='par_1_1' title="bbox 362 170 1198 215">
     <span class='ocr_line' id='line_1_1' title="bbox 362 170 1198 215; baseline -0.007 -7"><span class='ocrx_word' id='word_1_1' title='bbox 362 173 426 215; x_wconf 68' lang='lat'>151.</span> <span class='ocrx_word' id='word_1_2' title='bbox 873 172 934 207; x_wconf 73' lang='grc' dir='ltr'>ΗΕ</span> <span class='ocrx_word' id='word_1_3' title='bbox 964 170 1198 206; x_wconf 72' lang='lat' dir='ltr'>ORATORF.</span> 
     </span>
    </p>
   </div>
   <div class='ocr_carea' id='block_1_2' title="bbox 348 251 1722 2573">
    <p class='ocr_par' dir='ltr' id='par_1_2' title="bbox 356 251 1714 785">
     <span class='ocr_line' id='line_1_2' title="bbox 358 251 1707 316; baseline -0.007 -14"><span class='ocrx_word' id='word_1_4' title='bbox 358 257 638 302; x_wconf 71' lang='lat' dir='ltr'>conciliamur</span> <span class='ocrx_word' id='word_1_5' title='bbox 668 258 738 308; x_wconf 78' lang='lat' dir='ltr'>iis,</span> <span class='ocrx_word' id='word_1_6' title='bbox 767 259 838 316; x_wconf 75' lang='lat' dir='ltr'>qui</span> <span class='ocrx_word' id='word_1_7' title='bbox 866 258 1073 310; x_wconf 80' lang='lat' dir='ltr'>audiunt,</span> <span class='ocrx_word' id='word_1_8' title='bbox 1103 256 1154 299; x_wconf 84' lang='lat' dir='ltr'>ad</span> <span class='ocrx_word' id='word_1_9' title='bbox 1183 256 1292 297; x_wconf 81' lang='lat' dir='ltr'>lianc</span> <span class='ocrx_word' id='word_1_10' title='bbox 1322 253 1408 295; x_wconf 83' lang='lat' dir='ltr'>vim</span> <span class='ocrx_word' id='word_1_11' title='bbox 1435 251 1707 304; x_wconf 76' lang='lat' dir='ltr'>acerrimam,</span> 
     </span>
     <span class='ocr_line' id='line_1_3' title="bbox 357 332 1709 398; baseline -0.007 -16"><span class='ocrx_word' id='word_1_12' title='bbox 357 356 439 398; x_wconf 84' lang='lat' dir='ltr'>qua</span> <span class='ocrx_word' id='word_1_13' title='bbox 458 340 629 382; x_wconf 77' lang='lat' dir='ltr'>eosdem</span> <span class='ocrx_word' id='word_1_14' title='bbox 649 340 881 383; x_wconf 74' lang='lat' dir='ltr'>excitamus</span> <span class='ocrx_word' id='word_1_15' title='bbox 895 374 906 394; x_wconf 93' lang='lat'>,</span> <span class='ocrx_word' id='word_1_16' title='bbox 935 339 1085 382; x_wconf 82' lang='lat' dir='ltr'>inlluat</span> <span class='ocrx_word' id='word_1_17' title='bbox 1101 345 1272 397; x_wconf 76' lang='lat' dir='ltr'>oportet</span> <span class='ocrx_word' id='word_1_18' title='bbox 1302 332 1484 393; x_wconf 79' lang='lat' dir='ltr'>aliquid,</span> <span class='ocrx_word' id='word_1_19' title='bbox 1503 343 1610 375; x_wconf 83' lang='lat' dir='ltr'>etex</span> <span class='ocrx_word' id='word_1_20' title='bbox 1630 332 1709 375; x_wconf 85' lang='lat' dir='ltr'>hae</span> 
     </span>
     <span class='ocr_line' id='line_1_4' title="bbox 359 411 1712 480; baseline -0.007 -17"><span class='ocrx_word' id='word_1_21' title='bbox 359 423 397 463; x_wconf 59' lang='lat' dir='ltr'>xi</span> <span class='ocrx_word' id='word_1_22' title='bbox 422 438 732 480; x_wconf 81' lang='lat' dir='ltr'>nonnunquam</span> <span class='ocrx_word' id='word_1_23' title='bbox 761 421 892 463; x_wconf 87' lang='lat' dir='ltr'>animi</span> <span class='ocrx_word' id='word_1_24' title='bbox 917 419 1077 478; x_wconf 85' lang='lat' dir='ltr'>aliquid</span> <span class='ocrx_word' id='word_1_25' title='bbox 1109 414 1460 460; x_wconf 85' lang='lat' dir='ltr'>inflammandum</span> <span class='ocrx_word' id='word_1_26' title='bbox 1488 422 1546 456; x_wconf 86' lang='lat' dir='ltr'>est</span> <span class='ocrx_word' id='word_1_27' title='bbox 1571 411 1630 455; x_wconf 88' lang='lat' dir='ltr'>illi</span> <span class='ocrx_word' id='word_1_28' title='bbox 1652 411 1712 455; x_wconf 89' lang='lat' dir='ltr'>le-</span> 
     </span>
     <span class='ocr_line' id='line_1_5' title="bbox 359 491 1710 561; baseline -0.007 -18"><span class='ocrx_word' id='word_1_29' title='bbox 359 503 480 545; x_wconf 89' lang='lat' dir='ltr'>nitati</span> <span class='ocrx_word' id='word_1_30' title='bbox 505 520 512 545; x_wconf 90' lang='lat'>:</span> <span class='ocrx_word' id='word_1_31' title='bbox 545 519 684 561; x_wconf 76' lang='lat' dir='ltr'>neque</span> <span class='ocrx_word' id='word_1_32' title='bbox 714 511 773 544; x_wconf 79' lang='lat' dir='ltr'>est</span> <span class='ocrx_word' id='word_1_33' title='bbox 807 499 893 543; x_wconf 87' lang='lat' dir='ltr'>ulla</span> <span class='ocrx_word' id='word_1_34' title='bbox 916 499 1195 559; x_wconf 83' lang='lat' dir='ltr'>temperatior</span> <span class='ocrx_word' id='word_1_35' title='bbox 1217 497 1373 548; x_wconf 84' lang='lat' dir='ltr'>oratio,</span> <span class='ocrx_word' id='word_1_36' title='bbox 1401 510 1529 554; x_wconf 90' lang='lat' dir='ltr'>quam</span> <span class='ocrx_word' id='word_1_37' title='bbox 1551 491 1642 547; x_wconf 90' lang='lat' dir='ltr'>illa,</span> <span class='ocrx_word' id='word_1_38' title='bbox 1667 492 1710 535; x_wconf 92' lang='lat' dir='ltr'>in</span> 
     </span>
     <span class='ocr_line' id='line_1_6' title="bbox 356 573 1712 641; baseline -0.007 -18"><span class='ocrx_word' id='word_1_39' title='bbox 356 598 439 640; x_wconf 79' lang='lat' dir='ltr'>qua</span> <span class='ocrx_word' id='word_1_40' title='bbox 478 583 682 641; x_wconf 72' lang='lat' dir='ltr'>asperitas</span> <span class='ocrx_word' id='word_1_41' title='bbox 719 581 1008 624; x_wconf 77' lang='lat' dir='ltr'>contentionis</span> <span class='ocrx_word' id='word_1_42' title='bbox 1049 578 1232 621; x_wconf 85' lang='lat' dir='ltr'>oratoris</span> <span class='ocrx_word' id='word_1_43' title='bbox 1275 576 1407 635; x_wconf 81' lang='lat' dir='ltr'>ipsius</span> <span class='ocrx_word' id='word_1_44' title='bbox 1444 573 1712 617; x_wconf 82' lang='lat' dir='ltr'>humanitate</span> 
     </span>
     <span class='ocr_line' id='line_1_7' title="bbox 357 655 1714 716; baseline -0.006 -13"><span class='ocrx_word' id='word_1_45' title='bbox 357 662 585 715; x_wconf 54' lang='lat' dir='ltr'>eonditum</span> <span class='ocrx_word' id='word_1_46' title='bbox 615 663 807 704; x_wconf 77' lang='lat' dir='ltr'>remissio</span> <span class='ocrx_word' id='word_1_47' title='bbox 828 670 972 703; x_wconf 88' lang='lat' dir='ltr'>autem</span> <span class='ocrx_word' id='word_1_48' title='bbox 1005 659 1193 701; x_wconf 78' lang='lat' dir='ltr'>lenitatis</span> <span class='ocrx_word' id='word_1_49' title='bbox 1219 655 1404 716; x_wconf 87' lang='lat' dir='ltr'>quadam</span> <span class='ocrx_word' id='word_1_50' title='bbox 1430 655 1641 715; x_wconf 82' lang='lat' dir='ltr'>gravitate</span> <span class='ocrx_word' id='word_1_51' title='bbox 1670 661 1714 695; x_wconf 86' lang='lat' dir='ltr'>et</span> 
     </span>
     <span class='ocr_line' id='line_1_8' title="bbox 356 744 868 785; baseline 0.002 -1"><span class='ocrx_word' id='word_1_52' title='bbox 356 744 634 785; x_wconf 72' lang='lat' dir='ltr'>contentione</span> <span class='ocrx_word' id='word_1_53' title='bbox 662 744 868 785; x_wconf 76' lang='lat' dir='ltr'>firmatur.</span> 
     </span>
    </p>

    <p class='ocr_par' dir='ltr' id='par_1_3' title="bbox 350 815 1716 1447">
     <span class='ocr_line' id='line_1_9' title="bbox 417 815 1713 882; baseline -0.008 -16"><span class='ocrx_word' id='word_1_54' title='bbox 417 826 464 865; x_wconf 91' lang='lat' dir='ltr'>ln</span> <span class='ocrx_word' id='word_1_55' title='bbox 489 834 668 882; x_wconf 87' lang='lat' dir='ltr'>utroque</span> <span class='ocrx_word' id='word_1_56' title='bbox 694 832 836 866; x_wconf 88' lang='lat' dir='ltr'>autem</span> <span class='ocrx_word' id='word_1_57' title='bbox 865 836 1023 882; x_wconf 79' lang='lat' dir='ltr'>genere</span> <span class='ocrx_word' id='word_1_58' title='bbox 1053 818 1244 873; x_wconf 79' lang='lat' dir='ltr'>(licendi,</span> <span class='ocrx_word' id='word_1_59' title='bbox 1271 827 1313 860; x_wconf 87' lang='lat' dir='ltr'>et</span> <span class='ocrx_word' id='word_1_60' title='bbox 1336 815 1433 868; x_wconf 89' lang='lat' dir='ltr'>illo,</span> <span class='ocrx_word' id='word_1_61' title='bbox 1466 816 1509 858; x_wconf 89' lang='lat' dir='ltr'>in</span> <span class='ocrx_word' id='word_1_62' title='bbox 1536 831 1623 874; x_wconf 89' lang='lat' dir='ltr'>quo</span> <span class='ocrx_word' id='word_1_63' title='bbox 1649 815 1713 857; x_wconf 85' lang='lat' dir='ltr'>vis</span> 
     </span>
     <span class='ocr_line' id='line_1_10' title="bbox 354 897 1713 963; baseline -0.007 -16"><span class='ocrx_word' id='word_1_64' title='bbox 354 914 480 963; x_wconf 84' lang='lat' dir='ltr'>atque</span> <span class='ocrx_word' id='word_1_65' title='bbox 501 905 719 947; x_wconf 81' lang='lat' dir='ltr'>eontentio</span> <span class='ocrx_word' id='word_1_66' title='bbox 736 904 956 963; x_wconf 72' lang='lat' dir='ltr'>quaeritur,</span> <span class='ocrx_word' id='word_1_67' title='bbox 978 911 1019 944; x_wconf 86' lang='lat' dir='ltr'>et</span> <span class='ocrx_word' id='word_1_68' title='bbox 1040 902 1141 955; x_wconf 88' lang='lat' dir='ltr'>hoe,</span> <span class='ocrx_word' id='word_1_69' title='bbox 1162 898 1279 959; x_wconf 85' lang='lat' dir='ltr'>quod</span> <span class='ocrx_word' id='word_1_70' title='bbox 1303 897 1355 941; x_wconf 86' lang='lat' dir='ltr'>ad</span> <span class='ocrx_word' id='word_1_71' title='bbox 1371 898 1501 941; x_wconf 77' lang='lat' dir='ltr'>vitam</span> <span class='ocrx_word' id='word_1_72' title='bbox 1517 905 1559 939; x_wconf 91' lang='lat' dir='ltr'>et</span> <span class='ocrx_word' id='word_1_73' title='bbox 1574 912 1713 939; x_wconf 85' lang='lat' dir='ltr'>mores</span> 
     </span>
     <span class='ocr_line' id='line_1_11' title="bbox 353 979 1713 1041; baseline -0.007 -13"><span class='ocrx_word' id='word_1_74' title='bbox 353 984 721 1035; x_wconf 76' lang='lat' dir='ltr'>accommodatur,</span> <span class='ocrx_word' id='word_1_75' title='bbox 749 992 789 1025; x_wconf 88' lang='lat' dir='ltr'>et</span> <span class='ocrx_word' id='word_1_76' title='bbox 812 983 1025 1041; x_wconf 84' lang='lat' dir='ltr'>principia</span> <span class='ocrx_word' id='word_1_77' title='bbox 1057 980 1179 1023; x_wconf 85' lang='lat' dir='ltr'>tarda</span> <span class='ocrx_word' id='word_1_78' title='bbox 1201 989 1321 1034; x_wconf 85' lang='lat' dir='ltr'>sunt,</span> <span class='ocrx_word' id='word_1_79' title='bbox 1344 988 1386 1021; x_wconf 82' lang='lat' dir='ltr'>et</span> <span class='ocrx_word' id='word_1_80' title='bbox 1408 979 1544 1021; x_wconf 83' lang='lat' dir='ltr'>exitus</span> <span class='ocrx_word' id='word_1_81' title='bbox 1568 987 1713 1020; x_wconf 84' lang='lat' dir='ltr'>tamen</span> 
     </span>
     <span class='ocr_line' id='line_1_12' title="bbox 351 1057 1712 1125; baseline -0.007 -17"><span class='ocrx_word' id='word_1_82' title='bbox 351 1065 473 1125; x_wconf 77' lang='lat' dir='ltr'>spissi</span> <span class='ocrx_word' id='word_1_83' title='bbox 502 1075 544 1107; x_wconf 84' lang='lat' dir='ltr'>et</span> <span class='ocrx_word' id='word_1_84' title='bbox 570 1063 769 1123; x_wconf 85' lang='lat' dir='ltr'>producti</span> <span class='ocrx_word' id='word_1_85' title='bbox 804 1079 895 1105; x_wconf 83' lang='lat' dir='ltr'>esse</span> <span class='ocrx_word' id='word_1_86' title='bbox 921 1061 1094 1103; x_wconf 88' lang='lat' dir='ltr'>debent.</span> <span class='ocrx_word' id='word_1_87' title='bbox 1123 1061 1235 1103; x_wconf 85' lang='lat' dir='ltr'>Nam</span> <span class='ocrx_word' id='word_1_88' title='bbox 1268 1073 1406 1117; x_wconf 88' lang='lat' dir='ltr'>neque</span> <span class='ocrx_word' id='word_1_89' title='bbox 1433 1057 1712 1101; x_wconf 87' lang='lat' dir='ltr'>assiliendum</span> 
     </span>
     <span class='ocr_line' id='line_1_13' title="bbox 352 1139 1716 1203; baseline -0.005 -15"><span class='ocrx_word' id='word_1_90' title='bbox 352 1147 496 1188; x_wconf 86' lang='lat' dir='ltr'>statim</span> <span class='ocrx_word' id='word_1_91' title='bbox 519 1155 582 1188; x_wconf 88' lang='lat' dir='ltr'>est</span> <span class='ocrx_word' id='word_1_92' title='bbox 608 1143 660 1187; x_wconf 84' lang='lat' dir='ltr'>ad</span> <span class='ocrx_word' id='word_1_93' title='bbox 687 1142 793 1187; x_wconf 92' lang='lat' dir='ltr'>illud</span> <span class='ocrx_word' id='word_1_94' title='bbox 816 1159 950 1203; x_wconf 86' lang='lat' dir='ltr'>genus</span> <span class='ocrx_word' id='word_1_95' title='bbox 975 1141 1210 1196; x_wconf 79' lang='lat' dir='ltr'>orationis3</span> <span class='ocrx_word' id='word_1_96' title='bbox 1238 1139 1359 1182; x_wconf 83' lang='lat' dir='ltr'>abest</span> <span class='ocrx_word' id='word_1_97' title='bbox 1386 1139 1500 1181; x_wconf 90' lang='lat' dir='ltr'>enim</span> <span class='ocrx_word' id='word_1_98' title='bbox 1527 1148 1667 1182; x_wconf 90' lang='lat' dir='ltr'>totum</span> <span class='ocrx_word' id='word_1_99' title='bbox 1691 1155 1716 1181; x_wconf 82' lang='lat' dir='ltr'>a</span> 
     </span>
     <span class='ocr_line' id='line_1_14' title="bbox 355 1218 1716 1283; baseline -0.006 -14"><span class='ocrx_word' id='word_1_100' title='bbox 355 1242 480 1269; x_wconf 63' lang='lat' dir='ltr'>caiisa</span> <span class='ocrx_word' id='word_1_101' title='bbox 496 1260 507 1281; x_wconf 91' lang='lat'>,</span> <span class='ocrx_word' id='word_1_102' title='bbox 537 1225 790 1267; x_wconf 89' lang='lat' dir='ltr'>ethomines</span> <span class='ocrx_word' id='word_1_103' title='bbox 811 1223 931 1283; x_wconf 88' lang='lat' dir='ltr'>prius</span> <span class='ocrx_word' id='word_1_104' title='bbox 956 1223 1095 1282; x_wconf 89' lang='lat' dir='ltr'>ipsum</span> <span class='ocrx_word' id='word_1_105' title='bbox 1112 1219 1218 1264; x_wconf 91' lang='lat' dir='ltr'>illud</span> <span class='ocrx_word' id='word_1_106' title='bbox 1234 1254 1245 1274; x_wconf 88' lang='lat'>,</span> <span class='ocrx_word' id='word_1_107' title='bbox 1275 1218 1628 1279; x_wconf 87' lang='lat' dir='ltr'>quodproprium</span> <span class='ocrx_word' id='word_1_108' title='bbox 1650 1219 1716 1262; x_wconf 89' lang='lat' dir='ltr'>sui</span> 
     </span>
     <span class='ocr_line' id='line_1_15' title="bbox 350 1300 1715 1366; baseline -0.005 -17"><span class='ocrx_word' id='word_1_109' title='bbox 350 1306 501 1366; x_wconf 78' lang='lat' dir='ltr'>judieii</span> <span class='ocrx_word' id='word_1_110' title='bbox 518 1315 599 1359; x_wconf 87' lang='lat' dir='ltr'>est,</span> <span class='ocrx_word' id='word_1_111' title='bbox 616 1304 768 1348; x_wconf 75' lang='lat' dir='ltr'>audire</span> <span class='ocrx_word' id='word_1_112' title='bbox 781 1302 1048 1347; x_wconf 87' lang='lat' dir='ltr'>desiderant:</span> <span class='ocrx_word' id='word_1_113' title='bbox 1066 1318 1166 1356; x_wconf 87' lang='lat' dir='ltr'>nee,</span> <span class='ocrx_word' id='word_1_114' title='bbox 1181 1317 1317 1360; x_wconf 91' lang='lat' dir='ltr'>quum</span> <span class='ocrx_word' id='word_1_115' title='bbox 1333 1301 1377 1343; x_wconf 92' lang='lat' dir='ltr'>in</span> <span class='ocrx_word' id='word_1_116' title='bbox 1392 1316 1487 1343; x_wconf 86' lang='lat' dir='ltr'>eam</span> <span class='ocrx_word' id='word_1_117' title='bbox 1501 1300 1715 1342; x_wconf 83' lang='lat' dir='ltr'>rationem</span> 
     </span>
     <span class='ocr_line' id='line_1_16' title="bbox 354 1381 1319 1447; baseline -0.006 -17"><span class='ocrx_word' id='word_1_118' title='bbox 354 1388 572 1447; x_wconf 73' lang='lat' dir='ltr'>ingressus</span> <span class='ocrx_word' id='word_1_119' title='bbox 597 1386 675 1440; x_wconf 78' lang='lat' dir='ltr'>sis,</span> <span class='ocrx_word' id='word_1_120' title='bbox 697 1383 890 1428; x_wconf 82' lang='lat' dir='ltr'>celeriter</span> <span class='ocrx_word' id='word_1_121' title='bbox 911 1381 1220 1426; x_wconf 81' lang='lat' dir='ltr'>discedendum</span> <span class='ocrx_word' id='word_1_122' title='bbox 1242 1391 1319 1424; x_wconf 88' lang='lat' dir='ltr'>est.</span> 
     </span>
    </p>

    <p class='ocr_par' dir='ltr' id='par_1_4' title="bbox 352 1460 1721 2169">
     <span class='ocr_line' id='line_1_17' title="bbox 418 1460 1718 1523; baseline -0.005 -13"><span class='ocrx_word' id='word_1_123' title='bbox 418 1470 517 1511; x_wconf 86' lang='lat' dir='ltr'>Non</span> <span class='ocrx_word' id='word_1_124' title='bbox 545 1467 679 1522; x_wconf 90' lang='lat' dir='ltr'>enim,</span> <span class='ocrx_word' id='word_1_125' title='bbox 709 1466 819 1508; x_wconf 87' lang='lat' dir='ltr'>sieut</span> <span class='ocrx_word' id='word_1_126' title='bbox 845 1472 1181 1523; x_wconf 82' lang='lat' dir='ltr'>argumentum,</span> <span class='ocrx_word' id='word_1_127' title='bbox 1213 1460 1340 1505; x_wconf 89' lang='lat' dir='ltr'>simul</span> <span class='ocrx_word' id='word_1_128' title='bbox 1371 1471 1500 1521; x_wconf 88' lang='lat' dir='ltr'>atque</span> <span class='ocrx_word' id='word_1_129' title='bbox 1528 1461 1718 1521; x_wconf 90' lang='lat' dir='ltr'>positum</span> 
     </span>
     <span class='ocr_line' id='line_1_18' title="bbox 352 1541 1719 1606; baseline -0.006 -15"><span class='ocrx_word' id='word_1_130' title='bbox 352 1558 436 1601; x_wconf 88' lang='lat' dir='ltr'>est,</span> <span class='ocrx_word' id='word_1_131' title='bbox 461 1547 680 1606; x_wconf 77' lang='lat' dir='ltr'>arripitur,</span> <span class='ocrx_word' id='word_1_132' title='bbox 704 1544 977 1602; x_wconf 84' lang='lat' dir='ltr'>alterumque</span> <span class='ocrx_word' id='word_1_133' title='bbox 1003 1552 1045 1586; x_wconf 86' lang='lat' dir='ltr'>et</span> <span class='ocrx_word' id='word_1_134' title='bbox 1074 1543 1249 1586; x_wconf 85' lang='lat' dir='ltr'>tertium</span> <span class='ocrx_word' id='word_1_135' title='bbox 1272 1542 1478 1602; x_wconf 83' lang='lat' dir='ltr'>poscitur,</span> <span class='ocrx_word' id='word_1_136' title='bbox 1506 1542 1563 1584; x_wconf 83' lang='lat' dir='ltr'>ita</span> <span class='ocrx_word' id='word_1_137' title='bbox 1593 1541 1719 1583; x_wconf 88' lang='lat' dir='ltr'>mise-</span> 
     </span>
     <span class='ocr_line' id='line_1_19' title="bbox 352 1621 1720 1682; baseline -0.004 -12"><span class='ocrx_word' id='word_1_138' title='bbox 352 1626 609 1682; x_wconf 81' lang='lat' dir='ltr'>ricordiam,</span> <span class='ocrx_word' id='word_1_139' title='bbox 639 1634 715 1668; x_wconf 89' lang='lat' dir='ltr'>aut</span> <span class='ocrx_word' id='word_1_140' title='bbox 743 1623 970 1679; x_wconf 86' lang='lat' dir='ltr'>invidiam,</span> <span class='ocrx_word' id='word_1_141' title='bbox 1005 1632 1080 1665; x_wconf 86' lang='lat' dir='ltr'>aut</span> <span class='ocrx_word' id='word_1_142' title='bbox 1112 1622 1401 1678; x_wconf 77' lang='lat' dir='ltr'>iracundiam,</span> <span class='ocrx_word' id='word_1_143' title='bbox 1432 1621 1557 1666; x_wconf 86' lang='lat' dir='ltr'>simul</span> <span class='ocrx_word' id='word_1_144' title='bbox 1590 1632 1720 1681; x_wconf 89' lang='lat' dir='ltr'>atque</span> 
     </span>
     <span class='ocr_line' id='line_1_20' title="bbox 353 1703 1721 1766; baseline -0.003 -16"><span class='ocrx_word' id='word_1_145' title='bbox 353 1706 568 1762; x_wconf 78' lang='lat' dir='ltr'>intuleris,</span> <span class='ocrx_word' id='word_1_146' title='bbox 584 1706 720 1766; x_wconf 87' lang='lat' dir='ltr'>possis</span> <span class='ocrx_word' id='word_1_147' title='bbox 738 1719 1021 1748; x_wconf 84' lang='lat' dir='ltr'>commovere.</span> <span class='ocrx_word' id='word_1_148' title='bbox 1040 1704 1358 1763; x_wconf 81' lang='lat' dir='ltr'>Argumentum</span> <span class='ocrx_word' id='word_1_149' title='bbox 1373 1703 1486 1746; x_wconf 92' lang='lat' dir='ltr'>enim</span> <span class='ocrx_word' id='word_1_150' title='bbox 1502 1703 1612 1746; x_wconf 85' lang='lat' dir='ltr'>ratio</span> <span class='ocrx_word' id='word_1_151' title='bbox 1628 1703 1721 1763; x_wconf 85' lang='lat' dir='ltr'>ipsa</span> 
     </span>
     <span class='ocr_line' id='line_1_21' title="bbox 354 1783 1717 1845; baseline -0.003 -14"><span class='ocrx_word' id='word_1_152' title='bbox 354 1788 602 1840; x_wconf 80' lang='lat' dir='ltr'>confirmat,</span> <span class='ocrx_word' id='word_1_153' title='bbox 623 1802 717 1845; x_wconf 82' lang='lat' dir='ltr'>quae</span> <span class='ocrx_word' id='word_1_154' title='bbox 739 1783 864 1827; x_wconf 87' lang='lat' dir='ltr'>simul</span> <span class='ocrx_word' id='word_1_155' title='bbox 882 1793 1011 1843; x_wconf 83' lang='lat' dir='ltr'>atque</span> <span class='ocrx_word' id='word_1_156' title='bbox 1032 1784 1184 1826; x_wconf 86' lang='lat' dir='ltr'>emissa</span> <span class='ocrx_word' id='word_1_157' title='bbox 1206 1793 1288 1840; x_wconf 91' lang='lat' dir='ltr'>est,</span> <span class='ocrx_word' id='word_1_158' title='bbox 1315 1783 1591 1839; x_wconf 75' lang='lat' dir='ltr'>adliaerescit3</span> <span class='ocrx_word' id='word_1_159' title='bbox 1614 1783 1717 1827; x_wconf 85' lang='lat' dir='ltr'>illud</span> 
     </span>
     <span class='ocr_line' id='line_1_22' title="bbox 353 1865 1719 1928; baseline -0.003 -16"><span class='ocrx_word' id='word_1_160' title='bbox 353 1879 495 1912; x_wconf 84' lang='lat' dir='ltr'>autem</span> <span class='ocrx_word' id='word_1_161' title='bbox 517 1883 652 1928; x_wconf 77' lang='lat' dir='ltr'>genus</span> <span class='ocrx_word' id='word_1_162' title='bbox 674 1866 882 1909; x_wconf 84' lang='lat' dir='ltr'>orationis</span> <span class='ocrx_word' id='word_1_163' title='bbox 903 1882 989 1908; x_wconf 90' lang='lat' dir='ltr'>non</span> <span class='ocrx_word' id='word_1_164' title='bbox 1016 1865 1307 1925; x_wconf 83' lang='lat' dir='ltr'>cognitionem</span> <span class='ocrx_word' id='word_1_165' title='bbox 1326 1865 1505 1925; x_wconf 81' lang='lat' dir='ltr'>judicis,</span> <span class='ocrx_word' id='word_1_166' title='bbox 1528 1865 1602 1908; x_wconf 89' lang='lat' dir='ltr'>sed</span> <span class='ocrx_word' id='word_1_167' title='bbox 1627 1882 1719 1908; x_wconf 85' lang='lat' dir='ltr'>ma-</span> 
     </span>
     <span class='ocr_line' id='line_1_23' title="bbox 352 1945 1719 2010; baseline -0.003 -17"><span class='ocrx_word' id='word_1_168' title='bbox 352 1951 415 2010; x_wconf 81' lang='lat' dir='ltr'>gis</span> <span class='ocrx_word' id='word_1_169' title='bbox 431 1949 804 2009; x_wconf 82' lang='lat' dir='ltr'>perturbationem</span> <span class='ocrx_word' id='word_1_170' title='bbox 826 1947 1028 2006; x_wconf 84' lang='lat' dir='ltr'>requirit,</span> <span class='ocrx_word' id='word_1_171' title='bbox 1051 1963 1182 2006; x_wconf 85' lang='lat' dir='ltr'>quam</span> <span class='ocrx_word' id='word_1_172' title='bbox 1203 1947 1430 2006; x_wconf 82' lang='lat' dir='ltr'>consequi,</span> <span class='ocrx_word' id='word_1_173' title='bbox 1452 1947 1533 1989; x_wconf 87' lang='lat' dir='ltr'>nisi</span> <span class='ocrx_word' id='word_1_174' title='bbox 1556 1945 1692 1989; x_wconf 81' lang='lat' dir='ltr'>multa</span> <span class='ocrx_word' id='word_1_175' title='bbox 1708 1981 1719 2002; x_wconf 91' lang='lat'>,</span> 
     </span>
     <span class='ocr_line' id='line_1_24' title="bbox 352 2026 1719 2088; baseline -0.001 -15"><span class='ocrx_word' id='word_1_176' title='bbox 352 2041 394 2073; x_wconf 87' lang='lat' dir='ltr'>et</span> <span class='ocrx_word' id='word_1_177' title='bbox 417 2031 554 2084; x_wconf 78' lang='lat' dir='ltr'>varia,</span> <span class='ocrx_word' id='word_1_178' title='bbox 582 2038 623 2072; x_wconf 89' lang='lat' dir='ltr'>et</span> <span class='ocrx_word' id='word_1_179' title='bbox 652 2029 824 2088; x_wconf 84' lang='lat' dir='ltr'>eopiosa</span> <span class='ocrx_word' id='word_1_180' title='bbox 859 2029 1076 2083; x_wconf 83' lang='lat' dir='ltr'>oratione,</span> <span class='ocrx_word' id='word_1_181' title='bbox 1107 2038 1148 2071; x_wconf 93' lang='lat' dir='ltr'>et</span> <span class='ocrx_word' id='word_1_182' title='bbox 1182 2026 1310 2071; x_wconf 88' lang='lat' dir='ltr'>simili</span> <span class='ocrx_word' id='word_1_183' title='bbox 1342 2028 1620 2071; x_wconf 87' lang='lat' dir='ltr'>contentione</span> <span class='ocrx_word' id='word_1_184' title='bbox 1648 2045 1719 2072; x_wconf 87' lang='lat' dir='ltr'>ac-</span> 
     </span>
     <span class='ocr_line' id='line_1_25' title="bbox 353 2112 831 2169; baseline -0.004 -16"><span class='ocrx_word' id='word_1_185' title='bbox 353 2112 503 2164; x_wconf 85' lang='lat' dir='ltr'>tionis,</span> <span class='ocrx_word' id='word_1_186' title='bbox 526 2127 655 2153; x_wconf 87' lang='lat' dir='ltr'>nemo</span> <span class='ocrx_word' id='word_1_187' title='bbox 677 2118 831 2169; x_wconf 89' lang='lat' dir='ltr'>potest.</span> 
     </span>
    </p>

    <p class='ocr_par' dir='ltr' id='par_1_5' title="bbox 348 2187 1722 2573">
     <span class='ocr_line' id='line_1_26' title="bbox 414 2187 1721 2251; baseline -0.002 -16"><span class='ocrx_word' id='word_1_188' title='bbox 414 2193 564 2248; x_wconf 86' lang='lat' dir='ltr'>Quare</span> <span class='ocrx_word' id='word_1_189' title='bbox 589 2192 662 2251; x_wconf 91' lang='lat' dir='ltr'>qui</span> <span class='ocrx_word' id='word_1_190' title='bbox 688 2200 763 2233; x_wconf 85' lang='lat' dir='ltr'>aut</span> <span class='ocrx_word' id='word_1_191' title='bbox 787 2190 991 2243; x_wconf 83' lang='lat' dir='ltr'>breviter,</span> <span class='ocrx_word' id='word_1_192' title='bbox 1016 2200 1090 2233; x_wconf 88' lang='lat' dir='ltr'>aut</span> <span class='ocrx_word' id='word_1_193' title='bbox 1115 2190 1339 2233; x_wconf 87' lang='lat' dir='ltr'>summisse</span> <span class='ocrx_word' id='word_1_194' title='bbox 1368 2189 1541 2245; x_wconf 84' lang='lat' dir='ltr'>dicunt,</span> <span class='ocrx_word' id='word_1_195' title='bbox 1564 2187 1721 2232; x_wconf 82' lang='lat' dir='ltr'>docere</span> 
     </span>
     <span class='ocr_line' id='line_1_27' title="bbox 348 2271 1722 2333; baseline -0.003 -17"><span class='ocrx_word' id='word_1_196' title='bbox 348 2273 542 2333; x_wconf 83' lang='lat' dir='ltr'>judicem</span> <span class='ocrx_word' id='word_1_197' title='bbox 569 2282 776 2333; x_wconf 89' lang='lat' dir='ltr'>possunt,</span> <span class='ocrx_word' id='word_1_198' title='bbox 806 2287 1077 2314; x_wconf 82' lang='lat' dir='ltr'>commovere</span> <span class='ocrx_word' id='word_1_199' title='bbox 1098 2288 1186 2314; x_wconf 89' lang='lat' dir='ltr'>non</span> <span class='ocrx_word' id='word_1_200' title='bbox 1212 2280 1416 2331; x_wconf 71' lang='lat' dir='ltr'>possunt,</span> <span class='ocrx_word' id='word_1_201' title='bbox 1443 2271 1486 2313; x_wconf 90' lang='lat' dir='ltr'>in</span> <span class='ocrx_word' id='word_1_202' title='bbox 1508 2287 1595 2330; x_wconf 90' lang='lat' dir='ltr'>quo</span> <span class='ocrx_word' id='word_1_203' title='bbox 1620 2279 1722 2313; x_wconf 90' lang='lat' dir='ltr'>sunt</span> 
     </span>
     <span class='ocr_line' id='line_1_28' title="bbox 352 2351 1720 2412; baseline -0.001 -16"><span class='ocrx_word' id='word_1_204' title='bbox 352 2354 509 2396; x_wconf 86' lang='lat' dir='ltr'>omnia.</span> <span class='ocrx_word' id='word_1_205' title='bbox 532 2356 627 2396; x_wconf 82' lang='lat' dir='ltr'>Jam</span> <span class='ocrx_word' id='word_1_206' title='bbox 646 2351 752 2395; x_wconf 86' lang='lat' dir='ltr'>illud</span> <span class='ocrx_word' id='word_1_207' title='bbox 776 2353 1057 2412; x_wconf 82' lang='lat' dir='ltr'>perspicuum</span> <span class='ocrx_word' id='word_1_208' title='bbox 1072 2361 1154 2407; x_wconf 88' lang='lat' dir='ltr'>est,</span> <span class='ocrx_word' id='word_1_209' title='bbox 1176 2353 1372 2395; x_wconf 88' lang='lat' dir='ltr'>omnium</span> <span class='ocrx_word' id='word_1_210' title='bbox 1395 2367 1541 2394; x_wconf 83' lang='lat' dir='ltr'>rerum</span> <span class='ocrx_word' id='word_1_211' title='bbox 1557 2351 1600 2393; x_wconf 90' lang='lat' dir='ltr'>in</span> <span class='ocrx_word' id='word_1_212' title='bbox 1617 2366 1720 2394; x_wconf 87' lang='lat' dir='ltr'>con-</span> 
     </span>
     <span class='ocr_line' id='line_1_29' title="bbox 354 2429 1720 2492; baseline -0.003 -17"><span class='ocrx_word' id='word_1_213' title='bbox 354 2433 506 2475; x_wconf 77' lang='lat' dir='ltr'>trarias</span> <span class='ocrx_word' id='word_1_214' title='bbox 530 2441 672 2492; x_wconf 86' lang='lat' dir='ltr'>partes</span> <span class='ocrx_word' id='word_1_215' title='bbox 692 2431 938 2475; x_wconf 87' lang='lat' dir='ltr'>facultatem</span> <span class='ocrx_word' id='word_1_216' title='bbox 955 2449 1005 2476; x_wconf 81' lang='lat' dir='ltr'>ex</span> <span class='ocrx_word' id='word_1_217' title='bbox 1025 2431 1176 2476; x_wconf 87' lang='lat' dir='ltr'>iisdem</span> <span class='ocrx_word' id='word_1_218' title='bbox 1203 2430 1469 2492; x_wconf 84' lang='lat' dir='ltr'>suppeditari</span> <span class='ocrx_word' id='word_1_219' title='bbox 1489 2429 1607 2474; x_wconf 88' lang='lat' dir='ltr'>locis.</span> <span class='ocrx_word' id='word_1_220' title='bbox 1633 2429 1720 2473; x_wconf 77' lang='lat' dir='ltr'>Sed</span> 
     </span>
     <span class='ocr_line' id='line_1_30' title="bbox 353 2509 1719 2573; baseline -0.001 -18"><span class='ocrx_word' id='word_1_221' title='bbox 353 2521 607 2573; x_wconf 81' lang='lat' dir='ltr'>argumento</span> <span class='ocrx_word' id='word_1_222' title='bbox 636 2512 921 2556; x_wconf 86' lang='lat' dir='ltr'>resistendum</span> <span class='ocrx_word' id='word_1_223' title='bbox 956 2522 1039 2567; x_wconf 86' lang='lat' dir='ltr'>est,</span> <span class='ocrx_word' id='word_1_224' title='bbox 1073 2522 1147 2556; x_wconf 84' lang='lat' dir='ltr'>aut</span> <span class='ocrx_word' id='word_1_225' title='bbox 1174 2513 1242 2568; x_wconf 88' lang='lat' dir='ltr'>iis,</span> <span class='ocrx_word' id='word_1_226' title='bbox 1280 2528 1374 2572; x_wconf 83' lang='lat' dir='ltr'>quae</span> <span class='ocrx_word' id='word_1_227' title='bbox 1407 2509 1719 2571; x_wconf 85' lang='lat' dir='ltr'>comprobandi</span> 
     </span>
    </p>
   </div>
   <div class='ocr_carea' id='block_1_3' title="bbox 356 2589 1713 2652">
    <p class='ocr_par' dir='ltr' id='par_1_6' title="bbox 356 2589 1713 2652">
     <span class='ocr_line' id='line_1_31' title="bbox 356 2589 1713 2652; baseline 0 -18"><span class='ocrx_word' id='word_1_228' title='bbox 356 2593 445 2651; x_wconf 87' lang='lat' dir='ltr'>ejus</span> <span class='ocrx_word' id='word_1_229' title='bbox 461 2609 589 2635; x_wconf 87' lang='lat' dir='ltr'>causa</span> <span class='ocrx_word' id='word_1_230' title='bbox 607 2602 852 2647; x_wconf 84' lang='lat' dir='ltr'>sumuntur,</span> <span class='ocrx_word' id='word_1_231' title='bbox 869 2593 1234 2652; x_wconf 77' lang='lat' dir='ltr'>reprehendendis</span> <span class='ocrx_word' id='word_1_232' title='bbox 1245 2628 1255 2648; x_wconf 87' lang='lat'>,</span> <span class='ocrx_word' id='word_1_233' title='bbox 1273 2602 1347 2636; x_wconf 83' lang='lat' dir='ltr'>aut</span> <span class='ocrx_word' id='word_1_234' title='bbox 1363 2589 1713 2645; x_wconf 83' lang='lat' dir='ltr'>demonstrando,</span> 
     </span>
    </p>
   </div>
  </div>
 </body>
</html>
