1843 3166
661 219 1054 254 ADNOTATIONES.
1457 222 1476 257 3
1484 228 1502 265 4
1509 235 1526 267 7

186 304 279 332 artes
293 296 516 331 transferunt
535 295 582 330 ad
600 307 724 341 usum,
745 295 880 331 distent
893 295 957 342 qui
970 307 1094 330 earum
1115 295 1323 343 cognitione
1343 299 1532 346 conquies—

187 365 293 403 cunt,
316 356 451 405 triplici
481 356 616 404 probat
640 357 821 403 exemplo.
844 355 1008 391 Primum
1035 362 1088 392 est
1113 355 1273 391 duorum
1298 358 1532 404 lanistarum,

187 419 253 466 qui
278 425 367 453 tunc
393 416 570 464 temporis
594 416 755 451 celebres
776 422 890 451 erant.
910 416 1013 451 Alter
1037 415 1207 463 quidem,
1235 429 1345 464 quem
1369 419 1534 465 apprime

184 478 357 523 novistis,
376 478 546 526 magister
563 476 799 520 Samnitium,
818 476 856 512 id
874 484 946 522 est,
966 477 1211 525 gladiatorum
1222 478 1394 526 magister
1411 478 1534 528 (Sam—

184 540 277 574 nites
302 539 419 584 enim,
446 544 535 573 teste
561 538 687 583 Festo,
707 536 956 587 gladiatores).
975 539 1092 573 Totus
1118 537 1157 572 in
1182 543 1258 572 arte
1283 551 1346 573 sua
1371 551 1534 587 occupa—

183 608 262 645 tus,
283 600 384 635 aliud
403 599 493 633 nihil
513 598 660 646 cogitat.
687 600 792 634 Alter
813 601 858 644 Q.
878 599 1073 643 Velocius,
1097 597 1332 646 quantumvis
1352 599 1438 633 artis
1460 611 1535 633 nu-

183 674 305 697 meros
323 671 448 697 omnes
461 660 624 703 calleret,
639 665 674 694 et
692 658 896 707 pugnando
911 659 1058 694 cederet
1075 658 1232 704 nemini,
1253 665 1374 694 tamen
1387 670 1538 705 operam

182 721 266 756 foro
285 719 541 767 impendebat,
560 719 683 754 amicis
699 719 894 766 praestabat
910 719 1149 767 obsequium,
1169 725 1204 754 et
1222 731 1299 754 rem
1323 718 1538 754 familiarem

184 782 347 817 curabat.
377 780 589 816 Secundum
613 780 822 828 exemplum
849 787 903 815 est
926 780 1065 815 Valerii
1092 787 1128 815 et
1151 779 1271 826 Furii,
1290 779 1536 824 musicorum3

182 843 242 877 hic
260 841 464 887 interdum,
486 841 545 876 ille
565 841 734 888 quotidie
754 841 935 876 cantabat.
957 840 1122 877 Tertium
1141 848 1194 876 est
1213 843 1258 887 Q.
1278 840 1485 876 Tuberonis
1503 846 1540 875 et

184 903 369 947 Africani,
395 902 460 950 qui
477 901 720 949 philosophiae
742 902 882 937 dabant
901 914 1052 948 operam
1071 915 1079 936 :
1098 902 1248 937 Tubero
1267 901 1540 948 impallescebat

183 965 252 1000 illis
266 963 412 1009 studiis,
434 963 570 1010 quibus
588 962 784 998 Africanus
802 963 902 998 horis
918 969 1060 998 tantum
1080 962 1270 998 subcisivis
1287 961 1536 997 incumbebat.

182 1027 318 1059 Pssnv.
355 1045 406 1050 -
441 1022 620 1059 Samnites
643 1022 695 1057 illi
726 1035 841 1070 genus
874 1029 978 1058 erant
1009 1022 1272 1071 gladiatorum,
1303 1022 1369 1070 qui
1400 1033 1537 1056 nomen

182 1084 365 1119 duxerant
391 1095 436 1118 ex
454 1082 561 1118 armis
587 1082 723 1129 quibus
742 1082 1029 1118 instruebantur.
1054 1082 1139 1120 Vid.
1159 1084 1238 1118 Trr.
1260 1084 1343 1119 L1V.
1356 1110 1366 1127 ,
1383 1094 1443 1126 lx,
1469 1086 1537 1125 40,

184 1145 250 1193 qui
270 1145 359 1180 dicit
382 1157 444 1180 eos
472 1145 589 1180 solere
609 1144 706 1179 inter
726 1145 852 1191 epulas
882 1143 1031 1188 induci,
1049 1150 1094 1179 ut
1117 1145 1366 1192 spectaculum
1391 1142 1538 1190 praebe-

182 1212 265 1240 rent
285 1205 460 1240 convivis.
482 1204 568 1240 Vid.
590 1211 626 1240 et
645 1204 813 1250 Horum,
838 1206 959 1252 Epist.
989 1216 1010 1239 2
1024 1232 1033 1249 ,
1052 1204 1117 1240 lib.
1145 1217 1197 1249 11,
1224 1217 1258 1239 v.
1279 1204 1346 1252 983
1374 1210 1410 1239 et
1435 1203 1536 1238 Jusr.

184 1267 285 1301 Lus.
299 1294 307 1310 ,
332 1266 495 1308 Satum.‚
516 1265 580 1300 lib.
604 1277 647 1300 11.
667 1265 764 1300 Vide
788 1271 915 1300 notam
937 1266 969 1302 5.
989 1266 1090 1300 Lem.

235 1326 464 1373 Philosopho
494 1339 604 1374 quum
630 1338 781 1372 operam
812 1327 936 1370 daret,
963 1327 1007 1371 Q.
1032 1326 1066 1360 T
1062 1325 1263 1360 ubemnem.
1293 1323 1538 1371 Philosopho,

186 1385 322 1422 scilicet
345 1387 517 1423 Panaetio.
541 1387 637 1422 Vide
657 1388 739 1421 Vm
760 1388 926 1423 Lumen·
946 1388 1126 1421 dissertat.
1146 1387 1194 1422 de
1210 1385 1396 1429 Panaetio,
1415 1397 1453 1431 p.
1478 1383 1538 1419 51.

1295 1446 1456 1480 Senurz.

236 1509 321 1543 CAP.
345 1509 485 1544 XXIV.
514 1509 710 1554 Apparatu
731 1508 833 1541 nobis
858 1517 952 1552 opus
971 1513 1037 1540 est.
1056 1505 1221 1549 Alludit,
1247 1510 1428 1551 quantum
1454 1503 1540 1550 opi—

182 1581 265 1614 nor,
285 1569 333 1603 ad
353 1568 581 1611 aedilitatem,
602 1567 640 1601 in
660 1578 734 1613 qua
753 1567 931 1612 pleraque
954 1566 1099 1611 populo
1118 1565 1325 1610 spectacula
1342 1575 1538 1610 propone-

181 1629 336 1672 bantur3
356 1635 410 1672 et,
438 1628 476 1660 in
498 1638 542 1660 eo
571 1638 724 1673 genere,
746 1625 811 1672 qui
841 1624 931 1660 novi
955 1624 1096 1672 aliquid
1120 1623 1268 1668 ederet,
1297 1630 1334 1658 et
1362 1624 1539 1659 hactenus

181 1687 413 1731 inusitatum,
433 1697 542 1720 omne
564 1692 746 1732 punctum
765 1685 907 1720 ferebat
925 1698 933 1719 :
956 1685 1061 1733 quod
1080 1684 1179 1720 idem
1192 1683 1231 1718 in
1249 1684 1327 1719 aliis
1346 1684 1539 1730 magistra-

181 1749 301 1791 tibus,
332 1747 397 1783 sed
430 1746 469 1781 in
491 1746 555 1781 illo
579 1745 765 1793 praecipue
782 1746 928 1781 valebat
954 1757 963 1780 τ
991 1757 1126 1793 quare,
1149 1743 1465 1792 quemadmodum
1485 1743 1539 1778 ibi

184 1810 330 1844 delectu
369 1814 481 1855 atque
511 1813 692 1854 apparatu
724 1806 991 1854 exquisitarum
1016 1818 1141 1841 rerum
1173 1817 1268 1852 opus
1302 1811 1354 1839 est
1367 1831 1376 1849 ‚
1407 1803 1538 1842 eodem

182 1868 298 1905 modo
321 1874 459 1912 orator,
477 1866 692 1915 vulgaribus
711 1866 880 1913 tritisque
905 1865 1096 1915 neglectis,
1123 1864 1164 1900 id
1182 1864 1385 1900 consectari
1409 1864 1538 1908 debet,

184 1929 290 1977 quod
308 1928 387 1976 ipsa
404 1928 604 1975 praesertim
622 1926 785 1963 novitate
804 1927 971 1963 delectet.
999 1929 1134 1962 PE‘rav.

235 1990 461 2024 Faciendum
479 1996 535 2024 est
551 1989 604 2022 ad
620 2000 769 2023 annum.
791 1988 953 2035 Respicit
965 1988 1012 2023 ad
1031 1986 1259 2030 aedilitatem,
1278 1985 1384 2032 cujus
1401 1997 1537 2030 annus,

186 2061 232 2084 ex
263 2051 344 2098 lege
371 2048 513 2094 annali,
538 2049 719 2094 instabat3
743 2048 791 2084 ad
818 2049 923 2095 cujus
949 2049 1060 2083 ludos
1093 2054 1130 2082 et
1151 2058 1331 2091 munera,
1361 2052 1404 2080 ut
1433 2045 1538 2081 satis-

186 2109 291 2145 fieret
310 2111 454 2157 populo
466 2137 476 2155 ,
500 2110 608 2145 etiam
627 2108 693 2145 diu
712 2116 796 2145 ante
820 2116 923 2145 erant
942 2107 1191 2157 providenda,
1211 2119 1293 2155 quae
1314 2112 1489 2142 ornarent
1502 2112 1538 2141 et

187 2171 411 2206 illustrarent
429 2182 471 2206 ea
488 2182 653 2206 munera.
675 2171 769 2205 ERN.

241 2232 340 2276 Quos
359 2244 426 2279 ego
447 2244 576 2267 censor
592 2231 710 2266 edicto
733 2243 826 2266 meo.
849 2231 960 2265 Juvat
991 2241 1101 2276 super
1129 2241 1172 2264 ea
1201 2241 1241 2264 re
1271 2228 1354 2263 Aul.
1380 2225 1538 2262 Gellium

187 2291 332 2336 audire,
352 2291 440 2339 qui,
469 2292 533 2327 lib.
555 2304 626 2336 xv,
654 2303 733 2338 cap.
767 2303 812 2336 2,
837 2289 937 2325 istud
961 2289 1018 2326 his
1049 2289 1171 2325 verbis
1197 2289 1360 2326 declarat
1389 2300 1398 2322 ε
1429 2302 1445 2318 α
1472 2288 1537 2322 Cn.

186 2352 371 2389 Domitius
397 2352 657 2398 AEnobarbus,
682 2358 718 2388 et
746 2350 862 2386 Licin.
889 2350 1038 2386 Crassus
1056 2362 1224 2387 censores
1253 2349 1299 2384 de
1328 2345 1539 2384 coercendis

187 2413 399 2448 rhetoribus
416 2412 537 2448 latinis
558 2412 608 2448 ita
631 2413 826 2449 edixerunt
846 2424 854 2446 :
874 2410 1141 2445 Renuntiatum
1164 2416 1217 2446 est
1234 2408 1342 2444 nobis
1363 2419 1438 2443 esse
1462 2407 1537 2441 ho—

187 2473 302 2509 mines
315 2502 325 2520 ,
345 2472 411 2521 qui
430 2485 570 2508 novum
585 2486 702 2522 genus
729 2472 930 2519 disciplinae
953 2470 1208 2515 instituerunt,
1228 2469 1277 2504 ad
1294 2480 1390 2516 quos
1404 2467 1538 2513 juven—

189 2540 247 2569 tus
272 2533 310 2568 in
328 2534 459 2569 ludum
477 2533 690 2578 conveniat;
709 2545 773 2569 eos
790 2531 859 2568 sibi
882 2543 1019 2566 nomen
1037 2530 1250 2578 imposuisse
1262 2528 1395 2564 latinos
1411 2527 1540 2562 rheto-

190 2607 262 2640 res;
282 2595 335 2631 ibi
350 2595 518 2631 homines
542 2594 838 2630 adolescentulos
861 2593 937 2629 dies
957 2599 1055 2628 totos
1075 2591 1241 2627 desidere
1254 2616 1264 2635 ,
1283 2595 1348 2625 etc.
1365 2603 1382 2620 n
1402 2589 1537 2624 va.
