1843 3166
366 206 436 247 342
877 205 941 238 DE
968 204 1212 238 ORATORE.

366 280 561 325 maximus,
582 279 669 328 quia
693 279 860 326 partibus
885 278 990 326 Syllae
1009 276 1223 323 studuerat,
1240 278 1343 324 jussu
1363 278 1402 313 C.
1416 277 1523 313 Marii
1543 276 1627 324 filii,
1649 291 1716 314 ve-

364 342 470 377 stales
494 342 688 389 amplexus
704 353 783 376 aras
810 339 1002 376 occiditur.
1025 341 1080 375 De
1100 352 1176 387 quo
1196 340 1385 384 Lucanus,
1409 339 1472 374 lib.
1496 352 1508 373 1
1536 353 1543 374 ι

503 470 550 498 Te
568 476 692 509 quoque
707 466 883 508 neglectum
901 464 1022 497 violatae
1040 464 1174 496 Scaevola
1195 464 1326 502 dextroe,

505 524 586 553 Ante
604 522 705 564 ipsum
724 521 882 564 penetrale
899 520 979 559 dece,
995 529 1178 562 semperque
1197 519 1330 561 calentes

500 579 678 608 Mactavere
697 576 798 614 focos3
816 587 945 618 parvum
961 575 1015 606 sed
1034 574 1263 606 fessa-senectus

501 631 664 672 Sanguinis
679 631 792 664 effudit
806 631 930 673 jugulo,
947 629 1141 672 flammisque
1155 628 1303 671 pepercit.

413 750 541 783 Etiam
563 748 600 783 C.
629 748 817 783 Carbonis.
839 748 928 783 Non
949 753 1003 784 est
1020 747 1080 783 hic
1100 747 1244 792 Carbo,
1269 753 1311 781 ut
1328 745 1500 781 nonnulli
1518 752 1720 791 putarunt,

361 810 410 853 is,
435 822 545 857 quem
572 810 613 844 L.
642 810 812 855 Crassus,
838 808 1152 852 adolescentulus,
1172 805 1355 842 accusavit
1374 819 1381 840 :
1402 818 1487 840 nam
1505 805 1584 850 ille,
1604 818 1720 852 quum

361 883 446 906 reus
465 876 577 917 esset,
597 883 741 906 veneno
765 878 934 918 sumpto,
961 869 1134 914 decessit,
1157 876 1199 904 ut
1218 875 1272 904 est
1294 869 1333 903 in
1356 869 1488 910 Bruto,
1504 873 1539 902 et
1556 866 1595 901 in
1614 867 1719 914 epist.

362 931 408 966 23
440 931 526 966 libri
551 944 606 976 1x‚
632 933 766 966 Famz'l.
800 932 875 967 Sed
899 938 951 966 est
976 931 1055 977 ejus
1079 929 1196 976 filius,
1217 942 1347 977 quem,
1372 928 1505 964 eodem
1535 927 1615 973 die,
1639 940 1722 962 cum

361 993 540 1039 Scaevola,
558 999 662 1039 pont.
682 1005 796 1037 max.,
817 999 852 1027 et
876 992 953 1027 aliis
974 991 1165 1027 nobilibus
1182 991 1290 1036 viris,
1312 997 1453 1038 praetor
1477 988 1722 1035 Damasippus

362 1053 498 1088 occidit
511 1080 521 1098 ,
539 1060 581 1088 ut
601 1065 647 1088 ex
665 1053 836 1100 Epitome
861 1053 1015 1088 Liviana
1039 1061 1075 1089 et
1096 1053 1270 1101 Appiano
1290 1051 1536 1100 cognoscitur.
1550 1049 1636 1086 Fuit
1654 1061 1722 1084 au-

360 1119 434 1148 tem
461 1115 501 1148 L.
528 1113 647 1149 Crassi
675 1113 960 1158 inimicissimus,
981 1114 1070 1162 quia
1093 1121 1236 1162 patrem
1258 1125 1365 1148 suum
1395 1116 1639 1147 accusaverat.
1665 1110 1721 1144 De

360 1175 432 1209 hoc
449 1174 486 1209 in
500 1175 651 1210 Oratore
669 1174 718 1210 sic
739 1187 748 1210 ε
767 1177 829 1210 Me
844 1182 981 1220 stante,
1001 1176 1039 1211 C.
1056 1175 1197 1220 Carbo,
1218 1173 1397 1210 Carbonis
1416 1171 1529 1217 filius,
1547 1170 1722 1206 tribunus

360 1235 498 1282 plebis,
527 1235 566 1270 in
596 1235 774 1271 concione
794 1235 887 1271 dixit
913 1235 969 1271 his
995 1236 1118 1272 verbis
1147 1250 1154 1271 :
1184 1237 1217 1272 Ο
1237 1237 1288 1270 Μ.
1309 1239 1449 1278 Druse,
1478 1239 1623 1279 patrem
1651 1243 1720 1278 ap—

360 1296 481 1342 pello,
513 1302 581 1331 etc.
612 1297 659 1332 Et
690 1296 729 1331 in
757 1298 872 1331 Bruto
899 1310 911 1330 .·
942 1298 985 1332 In
1018 1297 1149 1332 eodem
1176 1308 1334 1332 numero
1357 1294 1521 1341 ejusdem
1539 1291 1654 1327 aetatis
1681 1293 1721 1326 C.

362 1356 484 1391 Carbo
503 1355 590 1401 fuit,
609 1356 705 1392 illius
725 1357 1016 1404 eloquentissimi
1039 1357 1111 1393 viri
1134 1356 1253 1403 filius,
1271 1368 1350 1392 non
1369 1355 1453 1391 satis
1479 1360 1608 1389 acutus
1634 1363 1722 1387 ora-

361 1423 441 1460 tor;
463 1416 528 1451 sed
546 1423 668 1452 tamen
687 1425 815 1452 orator
832 1426 1046 1454 numeratus
1059 1426 1123 1454 est.
1144 1420 1220 1454 Nec
1240 1417 1373 1454 dubito
1385 1445 1394 1462 ,
1415 1416 1507 1464 quin
1525 1413 1723 1462 legendum

362 1477 408 1510 sit
427 1477 553 1522 Caius,
577 1490 654 1512 non
686 1479 838 1521 Cnaeus,
865 1478 905 1511 in
925 1481 1048 1513 Valer.
1071 1478 1255 1524 Maximo,
1280 1491 1349 1522 111,
1377 1491 1411 1523 7,
1434 1476 1499 1512 ubi
1519 1475 1593 1523 agit
1613 1474 1658 1509 de
1680 1474 1725 1508 L.

363 1537 516 1581 Crasso;
536 1549 612 1583 quo
644 1538 728 1571 loco
758 1537 880 1571 foedus
908 1549 1014 1572 error
1043 1537 1181 1573 Valerii
1202 1537 1491 1584 deprehenditur
1517 1549 1526 1570 τ
1556 1535 1621 1582 qui
1645 1534 1725 1579 ejus

361 1596 541 1631 Carbonis
553 1603 697 1643 patrem
710 1595 749 1630 in
766 1596 935 1631 exsilium
948 1608 969 1631 a
987 1597 1028 1631 L.
1044 1597 1173 1632 Crasso
1183 1597 1332 1631 missum
1350 1602 1478 1641 putat3
1498 1606 1615 1642 quum
1628 1605 1723 1637 eum,

361 1669 506 1692 veneno
533 1663 703 1704 sumpto,
740 1668 845 1692 reum
874 1656 1009 1692 obiisse
1038 1656 1169 1692 Cicero
1196 1656 1315 1700 dicat,
1345 1655 1463 1702 Epist.
1495 1666 1564 1698 21,
1591 1653 1655 1688 lib.
1681 1665 1724 1687 1x

362 1719 497 1753 Famil.
528 1718 567 1754 C.
597 1718 721 1753 Carbo
750 1716 806 1768 (in
826 1718 958 1753 eodem
976 1717 1038 1753 lib.
1071 1717 1228 1762 Valerii,
1254 1728 1284 1751 c.
1312 1713 1357 1764 6)
1388 1714 1561 1750 tribunus
1583 1713 1724 1761 plebis,

360 1780 560 1829 legendum
580 1780 730 1828 opinor,
758 1793 835 1817 non
855 1781 919 1816 Cn.
938 1782 1071 1817 Carbo.
1093 1781 1168 1826 Qui
1189 1792 1280 1816 vero
1298 1779 1397 1814 hunc
1422 1779 1461 1813 C.
1481 1777 1689 1814 Carbonem
1702 1788 1723 1811 a

361 1844 492 1877 Crasso
520 1850 729 1878 accusatum
761 1842 1003 1889 arbitrantur,
1030 1842 1069 1876 in
1102 1854 1202 1889 quo,
1228 1847 1271 1876 ut
1307 1838 1488 1884 ostendit,
1521 1838 1722 1880 falluntur;

360 1903 473 1938 iidem
491 1903 529 1938 in
543 1916 586 1939 eo
610 1916 737 1938 rursus
760 1911 932 1951 peccant,
953 1903 1058 1952 quod
1077 1915 1160 1938 eum
1182 1909 1316 1950 putant
1335 1914 1356 1937 a
1376 1902 1441 1937 Cn.
1461 1899 1638 1947 Pompeio
1651 1913 1721 1936 ne-

361 1971 504 2008 catum3
522 1977 608 2000 nam
628 1964 658 2000 is
681 1977 759 2000 non
789 1965 860 2000 fnit
883 1965 922 2001 C.
949 1966 1092 2009 Carbo,
1118 1976 1231 2011 quem
1253 1962 1439 1999 accusavit
1464 1961 1634 2005 Crassus,
1657 1961 1721 1996 sed

362 2027 428 2061 Cn.
450 2026 587 2071 Carbo,
620 2025 685 2073 qui
705 2033 761 2061 ter
789 2026 919 2062 consul
948 2025 1038 2069 fuit,
1062 2031 1105 2060 ut
1130 2025 1240 2060 docet
1258 2025 1377 2059 Valer.
1403 2021 1576 2066 Maxim.,
1593 2033 1652 2067 vr,
1681 2033 1722 2067 2,

361 2087 567 2134 Appianus,
590 2088 828 2133 Plutarchus,
851 2087 1011 2123 Velleius
1024 2112 1034 2131 ,
1053 2086 1246 2133 Epz'tome,
1265 2092 1332 2121 etc.
1352 2086 1466 2119 PAUL.
1487 2083 1644 2117 MANUT.

415 2157 475 2190 Ex
495 2156 622 2203 quibus
646 2156 683 2191 C.
705 2157 817 2192 Cotta.
837 2156 876 2190 C.
899 2156 1024 2200 Cotta,
1045 2154 1111 2203 qui
1130 2155 1296 2191 invectus
1316 2160 1393 2188 erat
1422 2152 1461 2187 in
1489 2150 1631 2198 equites
1651 2163 1717 2186 ro—

361 2227 489 2250 manos
503 2243 512 2261 ,
542 2216 608 2263 qui
627 2223 706 2252 tum
721 2215 870 2263 judiciis
889 2223 1089 2263 praeerant,
1109 2226 1331 2262 causamque
1352 2212 1566 2261 principum
1584 2211 1717 2248 defen-

360 2277 483 2322 derat,
514 2277 646 2314 amisso
682 2278 892 2322 tribunatu,
922 2277 1141 2327 priusquam
1168 2278 1214 2313 ab
1245 2276 1316 2312 illis
1347 2275 1597 2318 damnaretur,
1624 2272 1718 2308 urbe

361 2349 525 2385 egressus
545 2344 610 2372 est.

412 2406 591 2453 Sulpicius
609 2414 738 2442 autem.
760 2411 797 2443 P.
819 2409 1004 2456 Sulpicius
1024 2408 1137 2444 civilis
1155 2406 1242 2443 belli
1262 2413 1392 2442 auctor
1407 2405 1494 2451 fuit,
1514 2402 1622 2451 quia,
1646 2402 1717 2438 tri-

359 2467 483 2502 bunus
500 2466 635 2513 plebis,
658 2468 774 2516 legem
798 2470 883 2504 tulit
909 2471 954 2505 de
984 2469 1196 2506 revocando
1217 2468 1315 2516 Sylla
1339 2479 1360 2502 a
1386 2467 1485 2502 bello
1515 2463 1716 2500 Mithrida-

360 2526 455 2571 tico,
482 2526 738 2575 laboravitque
772 2543 910 2566 summa
949 2530 1087 2565 invidia
1116 2535 1272 2576 propter
1306 2527 1506 2575 populares
1537 2523 1714 2572 quasdam

360 2587 477 2634 leges,
497 2600 587 2635 quas
606 2588 708 2634 tulit,
729 2597 769 2625 ut
791 2591 879 2626 novi
898 2591 993 2627 cives
1012 2597 1048 2627 et
1067 2589 1230 2627 libertini
1248 2589 1285 2623 in
1306 2588 1425 2623 tribus
1443 2585 1715 2634 redigerentur,
