1843 3166
315 144 384 188 254
833 146 896 180 DE
926 145 1160 180 ORATORE

314 240 377 274 est
403 231 579 291 quidam
608 231 855 286 habendus,
886 241 1015 292 atque
1041 232 1074 275 is
1101 231 1270 274 aurium
1295 228 1484 289 quodam
1513 228 1673 290 judicio

315 312 620 373 ponderandus
649 330 657 356 :
694 314 735 356 in
771 329 858 373 quo
881 312 1150 357 consuetudo
1178 312 1305 354 etiam
1332 310 1442 353 bene
1469 308 1674 369 loquendi

317 392 426 437 valet
456 391 706 453 plurimum.

379 475 523 518 Etiam
556 475 657 528 hoc,
691 474 807 534 quod
844 472 974 535 vulgo
1003 473 1055 518 de
1091 473 1336 517 oratoribus
1374 473 1426 516 ab
1465 471 1676 532 imperitis

317 554 401 598 dici
422 553 548 610 solet,
570 556 728 598 «Bonis
746 555 779 599 is
795 555 934 598 verbis
951 574 990 610 ,»
1007 564 1135 609 aut‚«
1152 553 1307 614 aliquis
1332 570 1419 597 non
1445 553 1568 596 bonis
1593 551 1677 595 uti-

319 645 401 686 tur,
417 654 437 675 »
475 652 560 679 non
599 645 690 678 arte
727 635 868 694 aliqua
907 633 1205 695 perpenditur,
1244 634 1316 677 sed
1339 634 1526 693 quodam
1555 632 1676 692 quasi

320 716 503 759 naturali
531 732 658 759 sensu
687 715 908 775 judicatur
936 733 944 759 :
973 718 1014 759 in
1042 734 1129 776 quo
1152 732 1241 759 non
1270 732 1428 776 magna
1463 714 1555 758 laus
1594 723 1677 769 est,

320 797 455 839 vitare
479 796 916 861 vitieubm(quanquam
945 797 987 840 id
1016 807 1080 840 est
1115 796 1369 858 magnum);
1407 814 1558 840 verum
1595 797 1681 841 hoc

321 879 441 937 quasi
477 877 615 922 solum
651 878 870 938 quoddam
905 888 1035 938 atque
1060 878 1392 922 fundamentum
1415 887 1500 931 est,
1530 878 1682 921 verbo-

322 975 417 1001 rum
448 975 549 1002 usus
572 969 612 1002 et
631 960 756 1019 copia
778 959 1006 1003 bonorum.
1036 958 1119 1002 Sed
1140 958 1244 1019 quid
1273 960 1360 1019 ipse
1385 958 1567 1002 aedificet
1589 974 1682 1001 ora-

323 1047 404 1093 tor,
430 1048 472 1081 et
498 1039 540 1081 in
572 1055 659 1098 quo
685 1038 893 1100 adjungat
914 1049 1049 1082 artem
1066 1073 1077 1093 ,
1109 1037 1154 1082 id
1178 1055 1267 1082 esse
1289 1055 1313 1082 a
1338 1038 1464 1082 nobis
1486 1054 1682 1098 quaeren-

323 1116 426 1160 dum
451 1128 580 1177 atque
605 1118 907 1179 explicandum
930 1119 1116 1163 videtur.

385 1200 633 1243 XXXVIII.
659 1200 761 1243 Tria
796 1209 896 1243 sunt
932 1201 1065 1260 igitur
1100 1201 1144 1243 in
1178 1199 1310 1243 verbo
1348 1198 1554 1260 simplici,
1590 1215 1684 1259 quae

325 1289 471 1323 orator
492 1279 646 1323 afferat
668 1279 723 1323 ad
741 1278 1043 1324 illustrandam
1067 1290 1196 1340 atque
1214 1280 1508 1324 exornandam
1530 1280 1685 1324 oratio-

328 1375 426 1402 nem
452 1376 460 1402 :
487 1369 561 1402 aut
580 1360 832 1403 inusitatum
850 1360 1051 1416 verbum,
1073 1370 1148 1417 aut
1169 1370 1396 1417 novatum,
1417 1371 1491 1405 aut
1508 1359 1686 1404 transla-

327 1450 433 1483 tum.

390 1520 601 1563 Inusitata
624 1529 743 1573 sunt,
767 1520 907 1578 prisca
927 1519 1015 1562 fere
1039 1536 1087 1562 ac
1113 1529 1305 1576 vetusta,
1334 1530 1375 1563 et
1400 1520 1453 1563 ab
1478 1537 1558 1563 usu
1581 1535 1689 1580 quo-

331 1600 477 1642 tidiani
502 1599 713 1642 sermonis
738 1598 905 1658 jamdiu
930 1599 1196 1654 intermissa,
1224 1616 1318 1659 quae
1337 1611 1436 1644 sunt
1457 1611 1685 1661 poetarum

329 1679 510 1723 licentiae
534 1679 755 1733 liberiora,
781 1695 910 1739 quam
938 1689 1095 1722 nostrae
1121 1697 1130 1723 2
1163 1680 1238 1723 sed
1265 1689 1411 1724 tamen
1434 1698 1533 1724 raro
1560 1681 1689 1725 habet

329 1761 456 1804 etiam
475 1761 519 1803 in
543 1761 738 1803 oratione
758 1760 977 1820 poeticum
1001 1758 1175 1820 aliquod
1201 1761 1382 1805 verbum
1407 1761 1688 1824 dignitatem3

331 1856 469 1900 neque
493 1840 607 1883 enim
631 1838 737 1883 illud
760 1839 944 1900 fugerim
966 1839 1132 1896 dicere,
1157 1850 1206 1884 ut
1227 1841 1412 1885 Coelius:
1430 1843 1558 1899 «Qua
1584 1850 1691 1885 tem-

329 1929 496 1980 pestate
530 1922 688 1963 Poenus
726 1921 770 1963 in
799 1918 970 1963 Italiam
1010 1920 1178 1975 venit3»
1212 1937 1292 1964 nec
1327 1921 1583 1982 «prolem,»
1616 1931 1692 1965 aut

331 1999 554 2044 «sobolem
571 2035 582 2057 ,
603 2019 624 2041 ›>
650 2009 724 2043 aut
749 2018 769 2040 «
787 1999 928 2055 effari,
947 2019 967 2041 >³
992 2010 1067 2043 aut
1089 2020 1109 2041 «
1124 2002 1387 2062 nuncupari,
1406 2021 1426 2042 n
1451 2011 1548 2057 aut,
1576 2010 1624 2045 ut
1644 2011 1690 2044 tu

333 2079 467 2137 soles,
494 2079 666 2135 Catule,
697 2099 717 2119 «
742 2096 830 2122 non
859 2079 1000 2136 rebar,
1023 2099 1042 2121 »
1073 2091 1149 2124 aut
1175 2101 1195 2122 <t
1222 2081 1455 2141 opinabar3
1483 2100 1504 2122 n
1532 2090 1574 2125 et
1608 2079 1689 2124 alia

335 2159 497 2217 multa,
528 2160 686 2220 quibus
714 2159 809 2203 loco
845 2161 1018 2220 positis,
1055 2161 1276 2223 grandior,
1311 2172 1440 2222 atque
1473 2161 1693 2222 antiquior

335 2241 473 2284 oratio
492 2256 602 2300 saepe
621 2239 758 2283 videri
781 2239 898 2284 solet.

398 2322 631 2365 Novantur
664 2330 806 2364 autem
834 2322 985 2378 verba,
1021 2338 1115 2381 quae
1142 2322 1194 2365 ab
1218 2338 1288 2379 eo,
1329 2323 1404 2382 qui
1443 2321 1569 2376 dicit,
1599 2321 1692 2381 ipso

337 2401 578 2461 gignuntur
603 2416 651 2443 ac
669 2399 796 2455 fiunt,
820 2401 886 2444 vel
907 2402 1223 2463 conjungendis
1243 2403 1404 2459 verbis,
1432 2411 1479 2445 ut
1506 2402 1621 2444 haec:

386 2507 482 2542 Tum
502 2517 621 2554 pavor
640 2505 857 2552 sapientiam
877 2519 1024 2542 omnem
1043 2507 1135 2541 mihi
1154 2507 1366 2542 exanimato
1384 2513 1609 2553 expectorat.

387 2569 481 2603 Num
500 2579 577 2602 non
598 2566 652 2601 vis
672 2566 778 2613 hujus
798 2580 855 2602 me
875 2569 1142 2616 versutiloquas
1160 2568 1344 2604 malitias?
