1843 3166
312 175 383 212 14(-
831 169 897 202 DE
928 169 1161 204 oRATan

312 253 514 308 ctandos,
532 254 650 297 omni
671 262 816 296 mente
832 253 875 295 in
899 269 948 296 ea
968 253 1231 314 cogitatione
1244 267 1433 310 curaque
1450 266 1613 307 versor,
1635 260 1681 294 ut

311 333 481 390 odorer,
518 349 647 392 quam
685 335 955 395 sagacissime
987 335 1173 394 possim,
1200 331 1304 393 quid
1335 331 1550 385 sentiant,
1578 331 1684 391 quid

316 415 583 472 existiment,
612 415 718 475 quid
755 425 1031 476 exspectent,
1065 414 1170 476 quid
1207 413 1368 468 velint,
1406 428 1493 472 quo
1527 411 1682 456 deduci

315 496 513 540 oratione
529 495 732 540 facillime
747 512 871 557 posse
888 495 1130 540 videantur.

379 577 423 620 Si
448 593 491 620 se
521 575 646 634 dant,
676 587 746 633 et,
780 587 829 621 ut
849 586 949 621 ante
970 577 1080 631 dixi,
1109 593 1183 620 sua
1217 586 1391 637 sponte,
1419 591 1506 636 quo
1531 574 1681 635 impel-

315 656 466 714 limus,
490 656 701 701 inclinant
732 667 860 719 atque
884 656 1180 718 propendent,
1207 657 1374 717 accipio
1396 655 1511 716 quod
1538 655 1681 710 datur,

310 746 353 781 ct
376 737 432 781 ad
456 737 523 794 id,
552 738 668 781 unde
689 737 843 798 aliquis
865 737 991 781 ssatus
1015 736 1273 791 ostenditur,
1298 736 1393 780 vela
1423 736 1491 779 do.
1519 737 1594 780 Sin
1619 745 1683 779 est

311 819 483 878 integer
509 818 770 878 quietusque
799 816 954 878 judex,
989 816 1087 878 plus
1124 827 1189 861 est
1220 818 1362 878 operis
1391 833 1400 859 ε
1437 826 1539 859 sunt
1568 819 1681 860 enim

312 899 459 942 omnia
481 897 667 942 dicendo
694 898 940 955 excitanda,
980 897 1088 942 nihil
1120 898 1356 958 adjuvante
1388 907 1557 940 natura.
1597 897 1682 941 Sed

311 988 476 1022 tantam
495 979 584 1022 vim
607 979 739 1022 habet
759 977 851 1035 illa,
878 996 973 1038 quae
996 989 1112 1023 recte
1137 996 1160 1023 a
1184 980 1300 1022 hono
1322 988 1450 1039 poeta
1475 978 1589 1022 dicta
1617 988 1682 1022 est

309 1059 595 1113 «flexanima,
631 1069 761 1119 atque
793 1060 989 1102 omnium
1020 1060 1168 1120 regina
1204 1076 1370 1115 rerum,
1404 1060 1598 1114 oratio,»
1633 1068 1681 1103 ut

310 1156 397 1183 non
421 1140 552 1184 modo
573 1139 855 1183 inclinantem
874 1139 1115 1201 impellere,
1145 1149 1220 1183 aut
1242 1149 1427 1183 stantem
1446 1138 1679 1193 inclinare,

308 1219 383 1264 sed
415 1221 547 1264 etiam
580 1220 882 1265 adversantem
917 1230 960 1264 et
989 1230 1331 1282 repugnantem,
1365 1230 1413 1264 ut
1441 1221 1679 1281 imperator

308 1302 449 1345 bonus
469 1317 519 1345 ac
540 1301 685 1358 fortis,
707 1317 859 1361 capere
877 1301 1025 1362 possit.

371 1383 507 1426 XLV.
543 1384 644 1425 Haec
678 1391 779 1425 sunt
811 1380 906 1438 illa,
936 1398 1030 1442 quae
1056 1399 1125 1425 me
1158 1381 1310 1426 ludens
1338 1384 1519 1426 Crassus
1550 1382 1680 1426 modo

310 1461 553 1522 flagitabat,
574 1478 711 1522 quum
737 1479 762 1505 a
794 1478 863 1505 me
885 1461 1091 1506 divinitus
1116 1464 1293 1507 tractari
1325 1461 1462 1507 solere
1491 1462 1680 1520 diceret,

309 1552 352 1586 et
381 1544 425 1585 in
453 1558 582 1585 causa
607 1541 683 1586 Μ’.
709 1542 912 1602 Aquillii,
940 1545 988 1587 C.
1012 1559 1097 1604 que
1128 1544 1348 1600 Norbani,
1374 1544 1681 1605 nonnullisque

309 1622 422 1678 aliis,
447 1623 570 1683 quasi
592 1622 798 1682 praeclare
814 1632 909 1667 acta
924 1658 935 1679 ,
958 1622 1168 1667 laudaret.
1188 1625 1297 1681 Quae
1313 1625 1556 1669 mehercule
1574 1642 1652 1687 ego
1666 1661 1677 1680 ,

310 1707 485 1761 Crasse,
514 1721 651 1765 quum
676 1720 701 1747 a
731 1714 773 1747 te
798 1714 1042 1748 tractantur
1066 1705 1110 1748 in
1137 1706 1296 1760 causis,
1326 1707 1504 1750 horrere
1535 1706 1677 1751 soleo:

311 1795 431 1829 tanta
460 1786 524 1829 vis
552 1786 710 1841 animi,
748 1795 895 1828 tantus
931 1786 1146 1846 impetus,
1175 1796 1321 1830 tantus
1349 1786 1488 1844 dolor,
1513 1787 1672 1844 oculis,

309 1866 461 1923 vultu,
490 1875 643 1927 gestu,
676 1865 812 1926 digito
847 1865 1035 1925 denique
1062 1866 1145 1909 isto
1175 1875 1250 1910 tuo
1280 1867 1513 1928 significari
1541 1868 1675 1926 solet3

308 1957 482 1991 tantum
517 1956 583 1990 est
611 1945 774 1989 flumen
809 1946 1165 2007 gravissimorum
1205 1948 1560 2008 optimorumque
1585 1965 1680 1993 ver-

307 2028 494 2080 borum,
524 2037 614 2070 tam
644 2027 823 2087 integrae
857 2027 1105 2082 sententiae,
1130 2036 1218 2070 tam
1242 2043 1378 2083 verae,
1411 2038 1499 2071 tam
1533 2046 1679 2087 novae,

309 2118 400 2152 tam
421 2108 513 2151 sine
536 2107 792 2168 pigmentis,
818 2105 1004 2166 fucoque
1025 2106 1209 2167 puerili,
1235 2117 1280 2151 ut
1300 2109 1406 2151 mihi
1430 2126 1518 2153 non
1539 2109 1679 2154 solum

309 2200 357 2233 tu
386 2187 616 2232 incendere
631 2186 849 2247 judicem,
878 2186 953 2230 sed
979 2188 1069 2247 ipse
1096 2187 1248 2231 ardere
1276 2189 1474 2234 videaris.

373 2271 529 2329 Neque
553 2268 646 2313 fieri
668 2278 834 2328 potest,
863 2278 911 2311 ut
931 2267 1075 2312 doleat
1095 2269 1152 2323 is,
1178 2270 1252 2328 qui
1272 2270 1394 2314 audit
1409 2304 1421 2325 ,
1444 2281 1494 2315 ut
1513 2270 1654 2316 oderit
1669 2308 1679 2328 ,

309 2361 359 2395 ut
384 2348 596 2406 invideat,
620 2357 669 2392 ut
694 2350 975 2410 pertimescat
1000 2348 1192 2409 aliquid,
1220 2359 1269 2393 ut
1291 2350 1345 2394 ad
1373 2351 1523 2394 fletum
1550 2353 1678 2397 mise-

309 2431 629 2490 ricordiamque
645 2429 905 2485 deducatur3
926 2431 1008 2474 nisi
1022 2447 1169 2474 omnes
1186 2431 1213 2473 ii
1230 2441 1393 2487 motus,
1409 2448 1518 2491 quos
1532 2443 1680 2477 orator

309 2513 517 2559 adhibere
538 2511 653 2555 volet
666 2512 823 2572 judici,
848 2513 891 2555 in
911 2513 1004 2572 ipso
1023 2522 1197 2555 oratore
1220 2513 1416 2573 impressi
1438 2529 1529 2556 esse
1547 2523 1679 2574 atque

309 2595 443 2639 inusti
466 2593 745 2636 videbuntur.
765 2593 897 2649 Quod
921 2594 955 2635 si
980 2593 1104 2636 fictus
1124 2592 1279 2653 aliquis
1298 2591 1424 2636 dolor
1443 2594 1680 2654 suscipien-
