1843 3166
297 198 364 231 166
824 197 888 231 DE
920 197 1158 232 ORATORF„

294 292 502 344 gnatum,
535 299 614 326 ucc
638 282 865 326 occlusum
885 301 891 325 :
910 303 929 323 »
950 282 1068 342 quod
1094 282 1207 327 idem
1235 284 1277 326 in
1302 284 1418 327 bono
1445 300 1571 327 servo
1597 284 1684 328 dici

295 363 424 421 solet3
450 364 523 407 sed
548 364 630 407 hoc
654 363 807 407 iisdcin
826 364 955 406 ctiam
976 364 1133 407 verbis.

360 449 425 490 Ex
459 446 611 490 iisdcin
641 455 786 489 autcm
817 445 922 488 locis
949 447 1097 489 omnia
1130 456 1384 491 nascuntur.
1415 448 1531 492 Nam
1566 447 1684 507 quod

297 532 370 589 Sp.
400 527 595 573 Carvilio
620 528 811 588 graviter
835 526 1102 570 claudicanti
1132 544 1184 570 cx
1217 527 1398 571 vulnere
1424 528 1480 570 ob
1507 545 1685 588 rcmpu-

298 610 453 654 blicam
474 619 671 669 acccpto,
693 619 730 652 ct
749 609 804 652 ob
820 626 914 651 cain
935 625 1112 652 causam
1135 609 1450 653 verecundanti
1473 611 1514 652 in
1540 608 1686 669 publi—

297 708 398 735 cum
415 690 609 750 prodire,
625 699 766 732 mater
786 689 919 744 dixit,
939 709 959 730 «
977 689 1100 746 Quin
1118 689 1288 749 prodis,
1310 691 1369 732 mi
1395 692 1525 750 Spuri
1542 690 1559 733 ἱ)
1584 707 1688 750 quo-

301 774 570 832 tiescumque
598 770 782 831 gradum
816 770 966 822 facies,
997 771 1122 813 toties
1156 770 1235 813 tibi
1264 780 1441 814 tuarum
1474 773 1686 815 virtutum

297 854 445 896 veniat
476 854 516 895 in
547 856 737 895 incnlcm
761 869 806 894 :»
828 850 1085 911 praeclarum
1103 860 1144 894 et
1164 868 1295 912 grave
1322 862 1398 895 est.
1423 851 1557 908 Quod
1584 852 1686 896 Cal—

297 936 400 978 vino
414 933 597 978 Glaucia
612 933 899 987 claudicanti,
919 952 939 974 (c
958 932 1049 977 Ubi
1067 942 1131 976 cst
1146 943 1270 976 vetus
1287 932 1395 977 illud
1410 932 1428 976 ἶ)
1445 950 1553 977 num
1571 932 1689 978 clau-

298 1015 447 1058 dicas?
474 1025 518 1057 at
550 1015 619 1058 hic
646 1013 859 1057 clodicat:
886 1034 905 1055 »
936 1012 1172 1056 ridiculum
1195 1023 1273 1057 cst.
1298 1017 1353 1058 Et
1373 1024 1612 1075 utrumque
1639 1033 1689 1059 cx

297 1112 362 1151 co,
378 1095 496 1156 quod
517 1097 560 1138 in
577 1094 898 1139 claudicatione
922 1094 1213 1138 animadverti
1227 1096 1389 1155 potuit,
1411 1105 1475 1139 est
1491 1095 1687 1140 ductum.

297 1177 453 1234 «Quid
480 1177 562 1221 hoc
587 1178 738 1220 Noevio
766 1175 998 1238 ignavius?
1019 1193 1203 1220 »severe
1227 1177 1388 1238 Scipio.
1420 1178 1480 1222 At
1505 1178 1551 1221 in
1578 1177 1691 1222 male

299 1259 512 1314 olentem⁷
546 1258 730 1303 «Video
766 1276 836 1302 ine
869 1276 892 1302 a
927 1268 968 1302 te
999 1259 1333 1314 circumveniri,
1361 1279 1381 1299 »
1422 1259 1691 1303 subridicule

298 1339 539 1402 Philippus.
580 1343 639 1384 At
668 1350 905 1400 utrumque
940 1356 1075 1400 genus
1104 1340 1302 1384 continet
1330 1340 1454 1384 verbi
1486 1339 1543 1384 ad
1568 1339 1688 1384 litte-

300 1440 394 1466 ram
424 1424 641 1466 immutati
664 1421 919 1466 similitudo.

365 1507 429 1549 Ex
457 1505 665 1565 ambiguo
691 1504 831 1560 dieta,
853 1503 919 1547 vel
940 1505 1220 1565 argutissima
1246 1514 1482 1565 putantur,
1505 1505 1579 1550 sed
1602 1522 1691 1548 non

302 1602 469 1647 semper
498 1587 541 1628 in
564 1586 685 1645 joco,
703 1602 814 1645 saepe
835 1586 965 1628 etiam
991 1586 1035 1628 in
1058 1587 1273 1645 gravitate
1300 1597 1545 1631 versantur.
1574 1587 1693 1631 Afri-

301 1685 410 1711 cano
436 1666 497 1711 illi
524 1667 701 1727 majori,
726 1684 934 1710 coronam
966 1667 1047 1710 sibi
1071 1668 1116 1710 in
1143 1667 1347 1710 convivio
1374 1668 1429 1711 ad
1459 1678 1593 1729 eaput
1623 1685 1693 1712 ac·-

301 1749 618 1805 commodanti,
654 1766 790 1809 quum
819 1766 867 1793 ea
897 1750 1053 1809 saepius
1080 1759 1382 1809 rumperetur,
1419 1753 1465 1794 P.
1497 1752 1692 1795 Licinius

301 1833 468 1887 Varus,
496 1829 642 1875 «Noli
670 1831 847 1884 mirari,
884 1831 1048 1890 inquit,
1089 1831 1123 1873 si
1158 1847 1246 1874 non
1286 1832 1513 1888 convenit3
1561 1843 1694 1893 caput

301 1913 419 1956 enim
457 1928 668 1973 magnum
699 1921 795 1955 est:
828 1932 848 1952 ›>
890 1909 1132 1966 laudabile,
1178 1920 1220 1955 et
1260 1912 1508 1956 honestum.
1549 1918 1606 1957 At
1642 1930 1693 1957 ex

303 1994 455 2039 eodem
475 2012 632 2056 genere
649 2005 733 2050 est,
764 1992 964 2038 «Calvus
985 1994 1086 2036 satis
1105 2003 1191 2049 est,
1216 1992 1332 2053 quod
1355 1993 1462 2037 dicit
1484 2010 1655 2054 parum.
1674 2017 1694 2037 »

304 2078 370 2121 Ne
398 2077 538 2120 multa
568 2094 576 2119 ε
611 2075 784 2120 nullum
813 2092 951 2137 genus
977 2085 1040 2118 est
1069 2076 1179 2134 joci,
1215 2092 1302 2134 quo
1341 2093 1429 2118 non
1457 2093 1508 2119 cx
1541 2076 1693 2120 eodem

305 2175 454 2202 severa
473 2168 515 2202 et
536 2159 685 2218 gravia
711 2166 956 2201 sumantur.

369 2243 514 2300 Atque
547 2240 629 2283 hoe
655 2240 786 2283 etiam
817 2239 1276 2295 animadvertendum,
1302 2257 1391 2283 non
1423 2257 1514 2284 esse
1546 2242 1693 2284 omnia

305 2319 491 2365 ridicula
526 2319 677 2363 faceta.
710 2320 830 2377 Quid
857 2321 976 2363 enim
1005 2330 1150 2381 potest
1183 2323 1274 2364 esse
1307 2331 1397 2365 tam
1428 2320 1692 2377 ridiculum,

306 2420 438 2464 quam
470 2403 637 2447 Sannio
661 2401 757 2445 est?
793 2401 877 2446 Sed
904 2419 1007 2457 ore⁷
1041 2401 1186 2456 vultu,
1222 2402 1445 2446 imitandis
1472 2403 1691 2458 moribus,

305 2501 438 2537 voce,
474 2483 663 2543 denique
700 2483 793 2542 ipso
822 2500 1007 2543 corpore
1035 2482 1215 2526 ridetur.
1247 2483 1417 2528 Salsum
1445 2483 1564 2528 hune
1589 2501 1691 2544 pos-

309 2582 403 2610 sum
420 2565 586 2621 dicere,
605 2574 736 2624 atque
760 2566 840 2621 ita,
863 2583 952 2608 non
970 2576 1017 2609 ut
1040 2565 1254 2625 ejusmodi
1277 2575 1494 2609 oratorem
1514 2582 1604 2610 esse
1622 2582 1693 2609 ve-

309 2646 408 2701 lim,
437 2647 509 2690 sed
535 2657 582 2690 ut
609 2647 806 2689 mimum.
