1843 3166
308 237 354 272 86
830 239 895 272 DF,
925 238 1166 273 ORATOR-E

308 323 486 384 ramus),
514 323 636 368 illum
663 334 705 368 et
731 341 869 385 graece
891 326 953 368 sic
977 324 1095 384 loqui
1113 360 1123 379 ,
1147 325 1311 369 nullam
1334 334 1381 368 ut
1405 339 1530 367 nosse
1553 322 1679 366 aliam

307 403 499 466 linguam
529 405 769 460 videretur,
807 414 850 448 et
883 404 1138 450 doctoribus
1175 407 1332 449 nostris
1367 421 1415 447 ea
1446 419 1608 463 ponere
1640 404 1681 446 in

307 486 654 545 percunctando,
683 502 818 546 eaque
848 486 991 546 ipsum
1022 489 1140 530 omni
1171 488 1213 530 in
1241 502 1440 530 sermone
1466 494 1682 541 tractare,

313 575 354 609 ut
375 564 482 608 nihil
506 582 596 609 esse
622 567 660 609 ei
685 583 849 610 novum
866 601 877 622 ‚
906 566 1014 609 nihil
1038 566 1282 610 inauditum
1306 565 1540 609 videretur.

368 647 437 690 De
472 647 665 690 Antonio
698 663 826 701 vero,
856 663 1108 707 quanquam
1140 663 1251 707 saepe
1281 664 1332 689 cx
1366 646 1682 690 humanissimo

309 727 507 783 homine,
545 737 703 787 patruo
737 737 906 783 nostro,
942 744 1271 788 acceperamus,
1312 727 1681 787 quemadmodum

309 806 378 850 .lle
406 805 472 850 vel
503 807 685 852 Athenis
714 807 779 852 vel
808 807 953 851 Rhodi
984 825 1028 852 se
1064 808 1418 852 doctissumorum
1454 808 1682 851 hominum

306 888 582 932 sermonibus
607 887 796 932 dedisset
817 906 825 931 :
857 898 1001 932 tamen
1026 890 1117 949 ipse
1139 886 1516 945 adolescentulus,
1540 903 1680 948 quan-

307 978 400 1012 tum
425 966 540 1013 illius
575 970 765 1013 ineuntis
790 970 926 1012 aetatis
955 986 1059 1013 meze
1086 969 1334 1030 patiebatur
1358 968 1515 1029 pudor,
1545 967 1683 1012 multa

306 1064 356 1091 ex
379 1064 431 1092 eo
452 1064 564 1109 saepe
582 1049 773 1108 quaesivi.
798 1050 901 1093 Non
922 1050 1004 1092 erit
1024 1050 1222 1110 profecto
1243 1049 1343 1106 tibi,
1370 1049 1488 1110 quod
1512 1049 1655 1093 scribo
1671 1084 1682 1106 ,

308 1128 392 1171 hoe
418 1144 580 1171 novum
609 1128 729 1189 (nam
748 1129 841 1188 jam
867 1138 961 1172 tum
984 1145 1035 1172 ex
1054 1146 1124 1173 me
1149 1129 1393 1190 audiebas),
1422 1129 1528 1172 mihi
1556 1128 1679 1173 illum

306 1225 358 1252 ex
383 1207 557 1265 multis,
589 1210 807 1270 variisque
831 1210 1131 1267 sermonibus,
1166 1209 1328 1254 nullius
1353 1211 1441 1266 rei,
1471 1225 1565 1270 quae
1588 1210 1685 1270 qui-

307 1288 405 1333 dem
432 1300 542 1334 esset
568 1291 612 1334 in
637 1291 703 1333 his
731 1291 922 1347 artibus,
962 1289 1015 1334 de
1047 1291 1208 1351 quibus
1242 1289 1408 1351 aliquid
1438 1291 1683 1334 existimare

308 1386 503 1431 possem,
529 1370 684 1415 rudem
707 1381 784 1415 aut
805 1373 1008 1432 ignarum
1031 1388 1121 1415 esse
1146 1372 1299 1415 visum.

373 1452 457 1496 Sed
482 1452 566 1496 fuit
588 1452 672 1496 hoc
698 1454 742 1495 in
769 1462 959 1513 utroque
986 1469 1139 1496 eorum
1155 1487 1166 1509 ,
1196 1463 1246 1496 ut
1271 1455 1453 1498 Crassus
1478 1469 1567 1496 non
1597 1462 1684 1497 tam

309 1533 546 1577 existimari
569 1532 699 1577 vellet
723 1551 812 1577 non
843 1532 1065 1591 didicisse,
1096 1551 1231 1594 quam
1259 1533 1331 1578 illa
1364 1533 1612 1595 despicere,
1648 1545 1689 1578 et

309 1623 561 1658 nostrorum
582 1615 811 1658 hominum
833 1615 878 1657 in
903 1616 1021 1658 omni
1043 1631 1200 1675 genere
1223 1615 1503 1676 prudentiam
1525 1616 1688 1660 Graecis

309 1694 551 1751 anteferre3
592 1696 810 1739 Antonius
843 1704 989 1739 autem
1027 1694 1370 1756 probabiliorem
1406 1696 1490 1740 hoc
1525 1694 1691 1757 populo

312 1777 551 1820 orationem
578 1776 670 1820 fore
694 1777 897 1821 censebat
918 1793 1064 1833 suam,
1092 1777 1126 1820 si
1152 1777 1333 1821 omnino
1354 1776 1554 1820 didicisse
1577 1793 1690 1820 nun-

311 1873 444 1918 quam
471 1866 730 1918 putaretur3
765 1866 897 1918 atque
924 1857 984 1901 ita
1012 1873 1056 1901 se
1084 1866 1272 1917 uterque
1298 1858 1544 1917 graviorem
1571 1856 1663 1901 fore
1679 1892 1690 1914 ,

311 1939 345 1981 si
373 1937 481 1982 alter
505 1947 808 1995 contemnere,
843 1938 954 1983 alter
981 1956 1037 1983 ne
1066 1955 1191 1983 nosse
1215 1938 1391 1998 quidem
1418 1941 1600 1984 Graecos
1626 1939 1690 1982 vi-

312 2019 503 2063 deretur.

376 2101 582 2157 Quorum
615 2099 848 2143 consilium
878 2099 1007 2160 quale
1042 2100 1199 2157 fuerit,
1241 2099 1350 2143 nihil
1385 2117 1487 2145 sane
1521 2099 1575 2144 ad
1608 2100 1691 2143 hoc

314 2189 499 2241 tempus.
540 2179 657 2224 Illud
690 2190 838 2224 autem
864 2190 928 2225 est
954 2181 1086 2242 hujus
1111 2182 1321 2225 institutae
1359 2181 1608 2242 scriptionis
1639 2198 1690 2225 ac

316 2263 550 2322 temporis,
579 2263 798 2305 neminem
822 2262 1096 2323 eloquentia,
1126 2279 1213 2306 non
1239 2261 1372 2306 modo
1395 2263 1488 2306 sine
1513 2261 1690 2305 dicendi

314 2342 536 2398 doctrina,
563 2342 637 2386 sed
658 2359 711 2386 ne
734 2344 826 2387 sine
844 2345 964 2387 omni
986 2342 1161 2403 quidem
1181 2343 1418 2403 sapientia,
1437 2342 1593 2386 florere
1615 2359 1690 2386 un-

313 2438 446 2481 quam
472 2432 515 2466 et
539 2433 744 2483 praestare
768 2426 973 2485 potuisse.

379 2504 437 2546 II.
474 2503 648 2546 Etenim
680 2513 830 2547 ceterae
865 2504 953 2548 fere
985 2515 1099 2549 artes
1131 2523 1175 2548 se
1210 2507 1310 2566 ipsae
1337 2522 1415 2565 per
1438 2522 1481 2548 se
1507 2514 1688 2548 tuentur

319 2582 519 2643 singulae;
545 2583 656 2627 bene
683 2583 825 2628 dicere
852 2595 1021 2642 autem,
1060 2586 1179 2645 quod
1212 2596 1277 2630 est
1313 2587 1511 2641 scienter,
1541 2594 1583 2629 et
1614 2601 1690 2646 pe·

320 2665 421 2719 rite,
450 2673 490 2706 et
513 2673 666 2707 ornate
692 2664 854 2719 dicere,
882 2682 970 2708 nou
999 2665 1131 2709 habet
1156 2665 1378 2709 definitam
1406 2665 1597 2725 aliquam
1624 2682 1694 2709 rc-
