1843 3166
721 202 863 236 LIBER
893 203 937 236 ΙΙ.
1438 216 1450 239 1
1463 203 1504 240 5'3·

158 291 199 324 ct
226 283 554 341 aequabilitatem
581 283 688 341 juris
716 286 959 342 praestantia
987 284 1207 345 dignitatis
1231 296 1303 328 aut
1328 287 1509 331 fortunae

159 378 240 405 suae
254 372 479 406 transeunt
495 379 503 405 :
530 378 624 421 quae
638 363 671 405 si
695 362 998 406 inflammanda
1015 374 1137 418 sunt,
1165 365 1346 408 maxime
1361 366 1507 410 dicen-

158 441 259 484 dum
275 452 339 485 est
355 475 366 497 ,
380 458 466 485 non
484 457 573 485 esse
594 442 754 485 virtute
775 452 918 502 parta3
934 442 1090 486 deinde
1105 444 1231 486 etiam
1251 443 1365 486 vitiis
1383 455 1509 505 atque

158 523 363 581 peccatis;
387 531 496 577 tum,
518 522 551 564 si
575 530 701 564 erunt
716 521 966 566 honestiora
981 532 1109 582 atque
1129 523 1349 583 graviora,
1368 532 1509 568 tamen

157 618 245 644 non
273 617 364 644 esse
389 610 506 644 tanta
526 599 614 644 ulla
636 603 815 657 merita,
850 613 1014 662 quanta
1044 602 1275 648 insolentia
1303 605 1509 660 hominis,

158 689 455 740 quantumque
476 679 707 724 fastidium.

219 758 286 803 Ad
302 759 540 803 sedandum
566 770 733 815 autem,
758 777 914 822 magno
934 760 1007 806 illa
1028 761 1195 819 labore,
1216 764 1381 824 magnis
1401 764 1513 824 peri-

158 838 264 884 culis
282 856 372 884 esse
388 849 533 900 parta,
557 856 636 884 nec
651 839 704 883 ad
720 857 845 884 suum
861 841 1134 886 commodum
1146 877 1157 897 ‚
1179 842 1252 886 sed
1266 842 1319 886 ad
1331 842 1511 888 aliorum

159 936 248 963 esse
259 919 432 975 collata3
461 935 637 978 seseque
652 953 663 975 ,
685 921 718 963 si
733 937 862 981 quam
874 920 1056 984 gloriam
1072 922 1286 981 peperisse
1301 922 1511 978 videatur,

162 1000 241 1042 etsi
266 1016 315 1042 ea
330 1016 419 1043 non
445 1000 496 1042 sit
521 998 670 1058 iniqua
693 1016 856 1044 merces
876 1000 1080 1061 periculi,
1103 1011 1245 1044 tamen
1265 1018 1314 1045 ea
1332 1019 1419 1045 non
1439 1002 1512 1045 de-

161 1079 326 1137 lectari,
354 1090 575 1141 totamque
601 1082 786 1141 abjicere
822 1092 951 1140 atque
973 1079 1186 1144 deponere
1211 1097 1218 1123 :
1250 1081 1513 1141 omninoque

158 1158 469 1217 perficiendum
495 1170 559 1204 cst
582 1160 818 1221 (quoniam
851 1161 1045 1222 plerique
1074 1172 1174 1206 sunt
1196 1160 1351 1213 invidi,
1376 1160 1512 1202 maxi-

160 1255 315 1298 meque
344 1250 406 1282 est
435 1241 518 1284 hoc
548 1256 774 1284 commune
796 1241 948 1285 vitium
965 1276 976 1297 ‚
1002 1251 1044 1284 et
1067 1252 1368 1303 pervagatum3
1405 1243 1514 1285 invi-

158 1317 283 1361 detur
329 1329 471 1362 autem
506 1321 725 1379 praestanti
760 1320 1018 1380 florentique
1054 1321 1265 1381 fortunae)
1291 1355 1303 1377 ‚
1340 1331 1388 1364 ut
1425 1321 1515 1364 haec

158 1400 304 1458 opinio
333 1400 569 1453 minuatur,
595 1409 637 1442 et
661 1398 734 1442 illa
761 1399 972 1444 excellens
993 1402 1198 1460 opinione
1224 1401 1398 1444 fortuna
1417 1416 1517 1443 cum

158 1477 377 1522 laboribus
398 1488 440 1522 et
460 1480 643 1522 miseriis
668 1481 883 1540 permixta
905 1496 994 1524 esse
1021 1480 1234 1524 videatur.

220 1561 314 1602 Jam
356 1559 651 1603 misericordia
688 1569 902 1614 movetur,
926 1561 960 1602 si
994 1561 1050 1614 is,
1075 1561 1149 1619 qui
1181 1559 1325 1615 audit,
1360 1558 1515 1603 adduci

157 1648 318 1699 potest,
344 1648 392 1682 ut
420 1638 512 1695 illa,
540 1656 633 1698 quae
669 1639 721 1682 de
755 1638 890 1682 altero
917 1638 1213 1699 deplorentur,
1236 1638 1289 1683 ad
1324 1655 1423 1683 suas
1449 1655 1517 1683 res

158 1728 358 1776 revocet,
379 1735 486 1779 quas
506 1728 580 1762 aut
598 1717 748 1762 tulerit
763 1718 936 1763 acerbas
951 1753 962 1772 ‚
983 1728 1057 1762 aut
1072 1720 1237 1775 timeat3
1255 1728 1330 1763 aut
1344 1720 1518 1764 intuens

159 1798 315 1855 alium,
340 1799 491 1843 crebro
518 1798 572 1842 ad
592 1815 636 1842 se
665 1799 807 1859 ipsum
833 1808 1088 1842 revertatur.
1109 1801 1177 1842 Ita
1197 1815 1332 1859 quum
1359 1798 1518 1860 singuli

158 1896 280 1924 casus
314 1880 604 1923 humanarum
633 1880 904 1922 miseriarum
937 1879 1125 1939 graviter
1156 1880 1443 1939 accipiuntur,
1483 1880 1517 1922 si

159 1959 364 2004 dicuntur
379 1958 589 2015 dolenter,
611 1969 701 2002 tum
718 1958 876 2002 afflicta
897 1967 938 2001 et
956 1968 1172 2018 prostrata
1187 1959 1322 2002 virtus
1335 1959 1517 2002 maxime

159 2038 357 2082 luctuosa
379 2048 462 2094 est;
497 2048 559 2094 et,
588 2048 635 2081 ut
659 2037 732 2081 illa
756 2036 890 2080 altera
913 2053 1010 2096 pars
1033 2037 1238 2080 orationis
1254 2071 1265 2092 ‚
1291 2054 1384 2097 quae
1414 2054 1516 2097 pro-

159 2119 304 2161 bitatis
337 2117 710 2162 commendatione
743 2118 848 2161 boni
879 2118 960 2160 viri
997 2117 1124 2160 debet
1153 2118 1339 2178 speciem
1379 2119 1517 2173 tueri,

160 2198 269 2242 lenis
296 2197 371 2258 (ut
394 2214 503 2258 saepe
522 2199 612 2258 jam
638 2197 753 2258 dixi)
776 2207 904 2257 atque
931 2197 1176 2252 summissa3
1208 2198 1268 2240 sic
1295 2197 1402 2254 haec,
1426 2214 1518 2257 quae

161 2277 394 2339 suscipitur
407 2278 460 2321 ab
475 2288 646 2322 oratore
667 2278 721 2321 ad
734 2276 1062 2322 commutandos
1073 2277 1238 2321 animos
1256 2286 1384 2337 atque
1399 2278 1517 2322 omni

161 2359 328 2402 ratione
348 2357 604 2413 flectendos,
635 2359 801 2402 intenta
824 2373 873 2401 ac
891 2356 1123 2400 vehemens
1149 2372 1241 2400 esse
1264 2355 1404 2404 debet.

225 2440 340 2482 LIII.
360 2437 443 2481 Sed
458 2447 521 2480 cst
533 2437 728 2497 quaedam
744 2438 788 2480 in
801 2437 866 2480 his
881 2436 1050 2479 duobus
1065 2437 1312 2497 generibus,
1331 2454 1515 2497 quorum

163 2518 346 2563 alterum
370 2517 493 2573 lene,
522 2517 705 2561 alterum
729 2518 960 2560 vehemens
981 2532 1071 2560 esse
1092 2515 1311 2571 volumus,
1331 2517 1516 2560 difficilis

164 2598 217 2642 ad
239 2597 590 2658 distinguendum
623 2596 870 2640 similitudo.
899 2598 1012 2641 Nam
1031 2612 1082 2638 ex
1109 2594 1182 2639 illa
1211 2596 1405 2654 lenitate,
1433 2616 1517 2659 qua
