1843 3166
681 201 824 235 LIBER
852 200 915 234 111.
1409 200 1477 242 237

134 279 359 342 pleraque,
387 300 514 343 quam
530 284 572 326 in
598 282 835 327 veteribus?
857 298 950 342 quae
967 291 1132 336 tamen,
1154 282 1320 325 etiamsi
1341 283 1480 342 primo

134 360 338 421 adspectu
375 379 452 406 nos
491 372 717 423 ceperunt,
755 362 916 405 diutius
954 378 1041 404 non
1082 360 1312 416 delectant,
1346 379 1477 420 quum

137 439 262 483 iidem
290 458 366 485 nos
391 443 434 485 in
459 442 644 500 antiquis
668 440 823 484 tabulis
848 439 920 484 illo
944 442 1035 500 ipso
1057 440 1235 483 horrido
1261 440 1476 484 obsoleto-

133 535 216 578 que
241 530 474 564 teneamur.
503 521 682 577 Quanto
707 519 922 564 molliores
951 530 1051 564 sunt
1075 529 1116 564 et
1140 519 1409 563 delicatiores
1433 521 1475 563 in

133 609 263 643 cantu
288 600 489 644 flexiones
522 610 564 644 et
589 599 702 644 falsae
727 599 906 654 voculae,
935 617 1064 660 quam
1091 609 1218 643 certoe
1239 608 1280 643 et
1304 599 1483 642 severae?

132 680 285 738 quibus
317 688 457 723 tamen
489 697 576 724 non
609 680 739 724 modo
767 681 946 737 austeri,
983 680 1077 736 sed,
1113 681 1147 724 si
1176 681 1329 740 saepius
1352 679 1481 733 fiunt,

131 758 360 803 multitudo
385 761 474 820 ipsa
508 760 727 804 reclamat.

191 840 309 883 Licet
334 840 414 883 hoc
442 840 584 884 videre
608 842 652 883 in
691 839 866 900 reliquis
893 841 1107 897 sensibu53
1140 841 1371 901 unguentis
1399 841 1482 883 mi-

130 936 210 963 nus
233 920 304 964 diu
330 937 407 964 nos
422 920 646 978 delectari,
675 938 841 965 summa
857 931 898 965 et
926 922 1135 965 acerrima
1153 922 1364 964 suavitate
1385 937 1483 964 con-

130 999 250 1057 ditis,
274 1018 400 1060 quam
421 1002 484 1045 his
501 1002 758 1059 moderati53
779 1012 820 1046 et
836 1003 969 1062 magis
984 1000 1169 1057 laudari,
1189 1001 1303 1061 quod
1319 1017 1460 1044 ceram
1474 1035 1484 1055 ,

129 1096 258 1139 quam
291 1079 406 1140 quod
430 1097 606 1125 crocum
644 1080 757 1125 olere
787 1080 1003 1136 videatur3
1034 1082 1078 1124 in
1106 1081 1199 1141 ipso
1237 1089 1354 1123 tactu
1394 1096 1483 1123 esse

129 1159 306 1203 modum
326 1169 366 1203 et
387 1159 669 1205 mollitudinis
691 1172 733 1206 et
756 1153 962 1205 laevitatis'.
984 1162 1104 1217 Quin
1121 1162 1249 1204 etiam
1268 1170 1484 1220 gustatus,

129 1240 203 1299 qui
230 1250 291 1283 est
321 1257 465 1284 sensus
490 1258 539 1284 ex
562 1242 762 1285 omnibus
791 1242 976 1285 maxime
1001 1239 1293 1301 voluptarius,
1323 1241 1483 1300 quique

129 1318 395 1364 dulcitudine
428 1331 583 1381 praeter
617 1331 779 1365 ceteros
813 1337 963 1364 sensus
1005 1329 1318 1376 commovetur,
1356 1337 1485 1380 quam

130 1399 215 1442 cito
249 1399 314 1456 id,
349 1401 465 1460 quod
502 1400 624 1444 valde
660 1400 785 1444 dulce
816 1410 903 1455 est,
931 1410 1188 1460 aspernatur
1216 1416 1264 1442 ac
1297 1400 1488 1460 respuit?

129 1480 239 1536 Quis
266 1481 440 1539 potione
466 1481 552 1535 uti,
583 1491 658 1525 aut
684 1482 780 1525 cibo
814 1479 929 1525 dulci
959 1481 1122 1524 diutius
1155 1479 1320 1540 potest?
1349 1497 1485 1540 quum

130 1568 314 1620 utroque
334 1562 377 1604 in
398 1577 552 1622 genere
571 1578 642 1618 ea,
666 1579 760 1622 quae
780 1561 930 1605 leviter
953 1577 1123 1605 sensum
1150 1560 1372 1620 voluptate
1399 1577 1488 1603 mo-

130 1650 277 1697 veant,
302 1640 502 1684 facillime
524 1641 691 1702 fugiant
710 1642 961 1684 satietatem.

195 1721 268 1763 Sic
293 1720 494 1764 omnibus
515 1721 559 1764 in
577 1721 722 1777 rebus,
743 1719 1032 1780 voluptatibus
1051 1720 1246 1763 maximis
1259 1718 1480 1762 fastidium

135 1800 367 1844 finitimum
392 1810 483 1844 est:
512 1817 597 1860 quo
626 1801 709 1845 hoc
732 1801 872 1844 minus
900 1801 942 1843 in
967 1801 1162 1843 oratione
1183 1799 1416 1855 miremur3
1439 1800 1482 1842 in

132 1896 216 1939 qua
253 1879 319 1923 vel
355 1896 406 1923 ex
441 1881 599 1942 poetis,
636 1880 700 1924 vel
737 1881 979 1924 oratoribus
1011 1896 1240 1940 possumus
1265 1878 1481 1939 judicare,

136 1959 418 2015 concinnam,
447 1960 711 2017 distinctam,
743 1970 962 2016 ornatam,
995 1959 1214 2014 festivam,
1240 1959 1330 2002 sine
1354 1959 1486 2001 iuter-

135 2040 362 2097 missione,
399 2042 489 2085 sine
520 2042 875 2102 reprehensione,
911 2043 1000 2085 sine
1028 2041 1253 2094 varietate,
1286 2038 1483 2099 quamvis

134 2119 260 2163 claris
274 2121 328 2163 sit
345 2120 559 2165 coloribus
575 2122 709 2182 picta,
728 2121 793 2165 vel
810 2123 947 2183 poesis
960 2157 970 2176 ,
996 2120 1061 2164 vel
1078 2121 1238 2175 oratio,
1254 2136 1341 2162 non
1358 2135 1484 2179 posse

135 2201 179 2243 in
200 2199 480 2244 delectatione
501 2217 589 2245 esse
608 2201 826 2246 diuturna.
853 2205 993 2261 Atque
1013 2218 1063 2245 eo
1089 2201 1214 2244 citius
1235 2201 1279 2242 in
1300 2200 1484 2243 oratoris

136 2289 212 2323 aut
240 2279 283 2322 in
308 2289 442 2339 poetae
471 2281 679 2325 cincinnis
706 2297 754 2325 ac
777 2281 874 2325 fuco
901 2281 1151 2336 offenditur,
1174 2279 1292 2340 quod
1317 2296 1484 2334 sensus,

135 2359 180 2402 in
212 2359 344 2402 nimia
377 2358 622 2420 voluptate,
664 2370 837 2418 natura,
874 2378 962 2405 non
996 2370 1138 2404 mente
1166 2361 1402 2413 satiantur3
1437 2359 1481 2401 in

135 2439 306 2498 scriptis
326 2448 368 2482 et
388 2440 432 2481 in
453 2438 576 2483 dictis
592 2456 681 2484 non
700 2442 870 2485 aurium
895 2439 1053 2496 solum,
1076 2439 1148 2484 sed
1169 2439 1301 2484 animi
1320 2437 1483 2499 judicio

134 2519 262 2562 etiam
281 2519 435 2579 magiS,
460 2518 649 2563 infucata
673 2521 774 2564 vitia
800 2530 1051 2564 noscuntur.

195 2600 356 2644 XXVI.
379 2600 546 2656 Quare,
564 2618 584 2640 «
598 2600 707 2644 bene
719 2619 764 2658 ρ)
783 2610 826 2644 et
844 2620 865 2642 ι(
882 2599 1105 2661 praeclare,
1119 2620 1140 2642 ι)
1155 2598 1350 2660 quamvis
1365 2595 1488 2640 nobis
