1843 3166
329 179 398 201 220
842 170 904 204 DE
934 169 1167 204 ORATORE

325 267 448 311 agam
476 252 717 309 vobiscum,
747 254 883 312 inquit
908 256 1108 307 Crassus,
1141 263 1208 309 ut,
1237 254 1438 313 quoniam
1463 271 1530 297 me
1558 254 1671 315 loqui

326 329 540 388 voluistis,
580 332 741 393 aliquid
775 333 827 376 ‹le
864 336 1014 378 vestris
1048 335 1161 379 vitiis
1196 334 1391 378 audiatis.
1415 336 1671 379 —Utinam

324 410 515 469 quidem!
549 413 687 472 inquit
714 411 815 456 ille:
851 412 893 455 id
919 415 1032 457 enim
1065 415 1204 475 ipsum
1229 414 1445 469 volumus,
1480 415 1607 474 idque
1638 417 1668 458 si

327 490 495 548 seceris,
520 492 653 536 multa
682 493 755 554 (ut
779 493 993 553 arbitror)
1010 495 1078 538 hie
1098 495 1226 538 hodie
1253 495 1354 538 vitia
1385 510 1606 554 ponemus.

384 574 513 616 —At
547 574 659 615 cniin
695 589 782 616 non
808 574 900 616 sinc
933 590 1027 617 mco
1053 574 1264 634 periculo,
1299 576 1478 618 Crassus
1513 575 1671 635 inquit,

325 668 516 711 possum,
552 653 735 713 Sulpici,
771 664 812 697 te
848 654 1181 713 reprehendere,
1220 656 1423 714 quoniam
1458 656 1671 699 Antonius

323 733 425 774 mihi
449 741 486 775 te
511 732 777 776 simillimum
813 733 920 776 dixit
945 733 1024 775 sibi
1057 733 1404 777 vi‹le1·i.—Tum
1440 734 1528 791 ille,
1560 738 1669 779 Tum

321 811 437 871 quod
461 812 626 855 monuit
653 812 784 866 idem,
808 822 856 856 ut
869 829 938 869 ea,
961 829 1055 872 quae
1070 813 1112 856 in
1130 829 1301 874 quoque
1325 816 1510 859 maxima
1530 826 1669 860 essent

323 893 589 936 imitaremur
618 910 626 935 :
654 910 705 935 ex
737 909 823 952 quo
848 909 1012 946 vereor,
1038 909 1089 936 nc
1115 893 1221 937 nihil
1250 895 1328 937 sim
1356 896 1437 952 tui,
1471 896 1551 938 nisi
1573 913 1671 956 sup—

321 972 557 1032 plosionem
584 972 727 1033 pedis,
758 974 972 1030 imitatus,
1004 983 1046 1017 et
1075 990 1211 1034 pauca
1235 974 1431 1033 quaedam
1452 975 1603 1030 verba,
1631 987 1670 1020 et

320 1052 531 1112 aliquem,
560 1054 593 1096 si
618 1053 750 1108 forte,
770 1057 1155 1115 monum—Ergo
1176 1055 1277 1109 ista,
1306 1056 1446 1115 inquit
1473 1059 1669 1114 Crassus.

318 1150 411 1192 quae
445 1133 574 1176 habes
597 1151 621 1176 a
656 1151 743 1189 me,
772 1151 858 1177 non
888 1135 1181 1195 reprehendo,
1217 1153 1269 1179 ne
1306 1154 1373 1180 me
1401 1137 1539 1197 ipsum
1574 1138 1668 1181 irri-

318 1212 442 1256 deam
462 1230 471 1256 :
493 1224 594 1257 sunt
610 1224 753 1257 autem
768 1231 864 1258 mea
886 1214 1023 1258 multo
1043 1225 1083 1259 et
1099 1214 1247 1275 plura,
1274 1226 1315 1259 et
1335 1218 1516 1277 majora,
1542 1235 1670 1277 quam

318 1293 443 1350 dicis;
468 1311 562 1354 quae
589 1304 732 1338 autem
760 1305 861 1338 sunt
884 1306 958 1339 aut
987 1305 1060 1339 tua
1091 1295 1238 1356 plane,
1262 1307 1337 1340 aut
1360 1298 1597 1342 imitatione
1620 1315 1671 1342 ex

318 1372 463 1433 aliquo
483 1390 703 1434 expressa,
727 1374 779 1417 de
806 1375 855 1418 iis
889 1385 951 1429 te,
977 1377 1010 1419 si
1040 1377 1113 1435 qui
1142 1393 1208 1420 me
1235 1377 1344 1422 forte
1370 1377 1488 1422 loeus
1522 1379 1669 1423 admo—

318 1455 476 1507 nuerit,
502 1456 799 1498 commonebo.

378 1536 499 1577 XIII.
533 1537 839 1578 Praetereamus
872 1537 1004 1596 igitur
1033 1547 1246 1597 praecepta
1283 1538 1412 1583 latine
1446 1540 1668 1600 loquendi,

315 1631 409 1674 quae
427 1614 601 1675 puerilis
616 1615 816 1659 doctrina
832 1617 983 1673 tradit,
1002 1627 1044 1660 et
1062 1618 1262 1661 subtilior
1276 1621 1465 1680 cognitio
1485 1638 1533 1665 ac
1555 1624 1666 1667 ratio

315 1694 555 1738 litterarum
581 1695 676 1751 alit,
711 1706 786 1740 aut
820 1698 1087 1741 consuetudo
1123 1700 1331 1742 sermonis
1353 1701 1594 1760 quotidiani
1619 1721 1668 1748 ac

314 1775 557 1831 domestici,
579 1776 678 1820 libri
703 1777 982 1833 confirmant,
1006 1788 1047 1822 et
1071 1777 1199 1823 lectio
1226 1789 1421 1823 veterum
1443 1791 1665 1827 oratorum

313 1865 354 1898 et
379 1867 618 1915 poetarum.
652 1859 806 1917 Neque
831 1875 933 1902 vero
961 1859 1004 1901 in
1030 1858 1102 1902 illo
1125 1858 1258 1903 altero
1281 1860 1443 1905 diutius
1470 1879 1663 1907 commo-

313 1952 473 1992 remur,
496 1947 543 1980 ut
576 1937 870 1998 disputemus,
898 1939 1054 1998 quibus
1086 1940 1213 1984 rebus
1236 1943 1404 2001 assequi
1434 1945 1666 2002 possimus,

313 2027 358 2060 ut
379 2034 452 2071 ea,
480 2035 575 2078 quae
601 2018 818 2075 dicamus,
839 2019 1148 2080 intelligantur.

373 2100 526 2143 Latine
548 2099 711 2143 scilicet
733 2100 936 2157 dicendo,
962 2102 1101 2145 verbis
1125 2102 1309 2156 usitatis,
1328 2120 1376 2147 ac
1404 2106 1577 2165 proprie
1598 2106 1665 2150 de-

312 2181 653 2226 monstrantibus
677 2198 746 2238 ea,
775 2198 868 2241 quae
893 2182 1125 2242 significari
1148 2199 1198 2227 ac
1216 2183 1424 2228 declarari
1450 2184 1664 2243 volemus,

311 2260 401 2303 sine
420 2261 623 2321 ambiguo
655 2262 783 2305 verbo
807 2272 881 2305 aut
899 2279 1118 2319 somnone,
1144 2281 1231 2307 non
1256 2265 1384 2308 nimis
1403 2263 1531 2326 longa
1559 2283 1661 2310 con-

312 2340 552 2385 tinuatione
566 2343 817 2398 verborum,
841 2362 928 2388 non
950 2343 1072 2388 valde
1097 2344 1316 2404 productis
1341 2347 1411 2401 iis,
1437 2363 1531 2406 quae
1551 2348 1663 2391 simi-

311 2419 505 2465 litudinis
529 2439 655 2466 causa
676 2440 725 2467 ex
753 2424 846 2468 aliis
865 2426 993 2469 rebus
1015 2425 1350 2482 transferuntur,
1369 2443 1455 2470 non
1475 2426 1664 2489 discerp-

313 2501 364 2544 tis
389 2503 632 2559 sententiis,
647 2521 733 2548 non
759 2507 1028 2566 praeposteris
1057 2507 1341 2566 temporibus,
1364 2523 1450 2550 non
1474 2508 1662 2552 confusis

311 2583 524 2640 personis,
552 2600 637 2628 nou
666 2586 915 2644 perturbato
943 2587 1106 2631 ordine,
1147 2587 1266 2642 Quid
1294 2586 1456 2630 multa?
1486 2598 1571 2631 tam
1606 2589 1663 2632 fa»
