1843 3166
701 193 842 226 LIBER
875 194 917 226 ll.
1420 192 1487 235 17¹3

130 277 365 335 praesertiin
394 291 550 336 magno
575 284 616 317 ct
642 275 761 334 gravi
785 292 793 316 :
825 295 844 314 «
870 275 989 317 Nihil
1021 285 1109 328 est,
1149 293 1234 334 quo
1267 278 1367 319 milii
1398 293 1488 338 gra-

131 357 207 399 tias
230 373 352 416 agas,
385 356 549 415 inquit,
587 355 620 397 si
654 355 784 398 malui
820 355 1071 414 compilari,
1109 372 1239 414 quain
1274 359 1443 401 uenire:
1471 380 1488 397 »ι

129 446 176 478 ut
210 436 351 479 Asello
390 436 641 490 Africanus,
682 437 904 495 objicienti
948 434 1131 478 lustrum
1174 434 1279 478 illud
1320 436 1487 491 infelix,

127 516 290 571 «Noli,
326 517 485 576 inquit,
527 517 702 570 mirari3
733 517 766 558 is
790 517 926 571 enim,
962 517 1035 575 qui
1070 526 1108 558 tc
1136 533 1185 558 cx
1209 517 1368 558 aerariis
1393 533 1488 560 exe—

129 599 229 651 mit,
263 596 447 639 lustrum
477 596 698 652 condidit,
742 606 784 639 et
816 607 989 640 taurum
1023 596 1316 639 immolavit.»
1352 599 1489 640 Tanta

127 677 315 736 suspicio
336 686 419 732 est,
448 686 496 719 ut
516 675 723 736 religione
747 677 967 719 civitatem
991 676 1273 719 obstrinxisse
1294 676 1490 720 videatur

126 757 383 812 Mummius,
412 756 529 816 quod
554 756 746 800 Asellum
772 758 1010 818 ignominia
1034 756 1200 800 levarit.

188 838 368 879 LXVII.
405 837 584 880 Urbana
618 838 748 880 etiam
785 837 1070 881 dissimulatio
1105 848 1194 893 est,
1234 855 1368 898 quum
1407 837 1488 881 alia

124 916 346 973 dicuntur,
371 934 420 961 ac
442 919 622 974 sentias,
651 935 735 961 non
761 917 834 961 illo
860 935 1041 977 genere,
1067 918 1119 961 de
1143 935 1230 978 quo
1253 928 1352 961 ante
1373 918 1459 961 dixi
1479 953 1488 970 ,

124 1015 260 1059 quum
277 1000 495 1043 contraria
518 999 655 1057 dicas,
690 1010 735 1043 ut
752 1001 913 1043 Lamiae
928 1002 1131 1056 Crassus,
1155 1000 1227 1043 sed
1248 1016 1381 1059 quum
1399 1009 1489 1042 toto

123 1097 282 1140 genere
297 1084 504 1126 orationis
522 1098 666 1125 severe
682 1081 823 1137 ludas,
855 1098 991 1140 quum
1010 1080 1132 1123 aliter
1153 1082 1330 1134 sentias,
1359 1097 1407 1123 ac
1426 1079 1487 1122 lo-

124 1178 287 1221 quare:
328 1173 375 1206 ut
407 1173 555 1206 noster
586 1160 777 1206 Scaevola
810 1159 1103 1223 Septumeleio
1131 1159 1191 1203 illi
1229 1161 1488 1219 Anagnino,

124 1244 198 1301 qui
230 1260 310 1303 pro
340 1245 388 1286 C.
419 1245 609 1288 Gracchi
635 1246 775 1305 capite
808 1254 899 1287 erat
931 1258 1087 1286 aurum
1122 1257 1380 1301 repensum,
1422 1258 1489 1284 ro-

123 1325 264 1382 ganti,
306 1334 354 1366 ut
379 1341 422 1367 se
455 1325 498 1366 in
528 1325 676 1367 Asiam
708 1324 958 1383 praefectum
991 1323 1192 1378 duceret,
1222 1339 1242 1360 <t
1260 1320 1381 1376 Quid
1411 1321 1489 1363 tibi

126 1405 210 1457 vis,
249 1405 412 1463 inquit,
448 1403 630 1447 insane?
672 1413 793 1446 tanta
820 1402 1035 1446 malorum
1064 1413 1128 1446 est
1162 1401 1399 1446 multitudo
1428 1401 1488 1442 ci-

122 1484 260 1538 vium,
289 1493 338 1526 ut
362 1484 438 1527 tibi
462 1501 542 1544 ego
562 1484 644 1527 hoc
669 1483 944 1539 confirmem,
967 1485 1001 1526 si
1024 1486 1175 1527 Romae
1197 1480 1424 1538 manseris,
1448 1493 1488 1527 tc

123 1564 270 1623 paucis
295 1564 419 1607 annis
441 1563 495 1607 ad
521 1565 729 1607 maximas
750 1564 956 1624 pecunias
978 1580 1068 1606 esse
1092 1573 1338 1606 venturum.
1357 1584 1376 1604 »

187 1646 237 1687 In
266 1645 349 1687 hoc
376 1660 533 1705 genere
561 1645 754 1687 Fannius
789 1645 832 1686 in
860 1642 1089 1687 annalibus
1119 1644 1205 1687 suis
1234 1643 1487 1687 Africanum

124 1727 241 1770 hunc
269 1725 549 1769 AEmilianum
573 1724 675 1768 dicit
703 1725 859 1780 fuisse,
889 1734 930 1767 et
958 1741 1057 1768 cum
1087 1740 1226 1784 graeco
1255 1724 1387 1767 verbo
1411 1742 1487 1785 ap-

124 1806 256 1867 pellat
283 1814 421 1864 εἴρωνοι
448 1824 456 1849 :
494 1806 595 1861 sed,
629 1807 693 1849 uti
716 1806 880 1861 ferunt,
908 1807 982 1865 qui
1009 1805 1162 1849 melius
1187 1806 1275 1849 haec
1299 1815 1487 1860 norunt,

123 1889 347 1931 Socratem
379 1888 535 1947 opinor
567 1888 610 1930 in
636 1887 716 1929 hac
751 1887 888 1930 ironia
922 1884 1326 1946 dissimulantiaque
1362 1886 1489 1946 longe

124 1967 270 2031 lepore
306 1978 348 2012 et
383 1968 656 2012 humanitate
697 1967 900 2010 omnibus
935 1967 1197 2026 praestitisse.
1243 1968 1391 2009 Genus
1426 1977 1489 2009 est

125 2050 396 2111 perelegans,
439 2059 481 2093 et
517 2066 615 2093 cuin
659 2048 870 2108 gravitate
904 2046 1086 2101 salsum,
1134 2062 1354 2105 quumque
1389 2062 1486 2089 ora-

124 2133 246 2176 toriis
282 2132 566 2186 dictionibus,
608 2139 699 2172 tum
732 2128 907 2172 urbanis
941 2128 1211 2171 sermonibus
1247 2142 1489 2170 accommo-

125 2214 289 2257 datum.

189 2298 247 2339 Et
272 2293 449 2338 hercule
472 2294 619 2337 omnia
645 2293 754 2347 haec,
796 2307 889 2351 quae
917 2307 941 2333 a
974 2306 1042 2333 me
1077 2289 1129 2332 de
1153 2289 1314 2333 facetiis
1340 2289 1488 2349 dispu-

127 2384 290 2430 tantur,
314 2391 401 2417 non
426 2372 592 2433 majora
611 2372 847 2416 forensium
868 2370 1113 2424 actionum,
1137 2385 1269 2428 quam
1293 2369 1486 2411 omnium

127 2471 375 2499 sermonum
401 2453 679 2498 condimenta
702 2461 816 2494 sunt.
848 2451 962 2493 Nam
990 2449 1106 2508 quod
1131 2448 1247 2509 apud
1276 2450 1483 2492 Catonem

127 2546 209 2591 est,
239 2536 313 2595 qui
340 2533 477 2577 multa
504 2532 671 2586 retulit,
710 2547 760 2573 ex
789 2530 945 2588 quibus
981 2545 1005 2571 a
1042 2545 1110 2571 me
1147 2527 1330 2588 exempli
1361 2543 1485 2569 causa

128 2616 263 2660 multa
285 2624 521 2676 ponuntur,
549 2629 626 2671 per
652 2611 756 2654 mihi
780 2610 934 2653 scitum
960 2609 1145 2665 videtur,
1173 2612 1219 2653 C.
1242 2606 1483 2651 Publicium
