1843 3166
710 267 851 302 LmER
881 269 905 301 1.
1464 285 1487 320 9

199 350 402 395 Exierant
427 358 572 392 autem
601 365 700 392 cum
735 351 828 410 ipso
852 353 1006 395 Crasso
1046 350 1338 397 adolescentes
1376 353 1488 412 duo,

134 430 271 474 Drusi
291 429 473 472 maxime
490 427 737 484 familiares,
752 440 794 473 et
809 431 852 473 in
869 431 1026 490 quibus
1041 447 1244 492 magnam
1260 442 1352 476 tum
1369 450 1488 493 spem

135 509 319 568 majores
343 517 447 552 natu
475 508 697 569 dignitatis
730 525 815 553 suae
849 509 1138 566 collocarant,
1165 513 1213 555 C.
1235 513 1392 567 Cotta,
1413 517 1486 573 qui

135 597 226 630 tum
242 587 509 631 tribunatum
527 588 663 649 plebis
678 590 870 649 petebat,
892 599 933 633 et
953 592 999 634 P.
1015 589 1255 650 Sulpicius,
1277 593 1351 652 qui
1373 592 1486 636 dein-

135 683 235 727 ceps
254 683 353 710 eum
378 668 681 728 magistratum
706 669 924 728 petiturus
951 669 1199 729 putabatur.

195 747 251 789 Hi
264 746 404 805 primo
427 745 496 790 die
508 746 560 790 de
576 747 843 807 temporibus
860 746 966 802 illis,
996 748 1134 808 deque
1146 750 1347 794 universa
1363 767 1489 811 repu-

130 823 262 880 blica,
280 841 411 885 quam
431 826 485 869 ob
506 842 680 869 causam
704 836 926 882 venerant,
949 826 1137 871 multum
1159 829 1272 872 inter
1288 845 1332 872 se
1352 845 1488 889 usque

132 904 186 948 ad
204 914 441 948 extremum
466 914 635 965 tempus
654 906 736 949 diei
762 905 965 950 collocuti
988 917 1100 950 sunt.
1119 909 1218 964 Quo
1245 908 1419 968 quidem
1447 910 1488 952 in

131 1001 328 1028 sermone
349 984 485 1029 multa
505 986 712 1029 divinitus
731 1003 754 1029 a
776 987 912 1030 tribus
933 985 1015 1031 illis
1037 987 1339 1033 consularibus
1359 992 1489 1034 Cotta

130 1062 354 1125 deplorata
377 1075 417 1109 et
443 1076 778 1110 commemorata
804 1067 1028 1123 narrabat,
1052 1062 1102 1112 ut
1129 1068 1237 1111 nihil
1268 1069 1489 1113 incidisset

129 1154 275 1203 postea
299 1145 463 1188 civitati
489 1145 589 1188 mali
606 1180 616 1201 ,
636 1146 752 1206 quod
777 1163 864 1189 non
889 1147 1139 1206 impendere
1158 1147 1221 1190 illi
1243 1158 1365 1191 tanto
1385 1158 1486 1191 ante

128 1223 337 1267 vidissent
358 1241 366 1267 :
387 1241 437 1268 eo
463 1234 607 1268 autem
632 1226 752 1268 omni
776 1242 974 1269 sermone
1000 1226 1222 1282 confecto,
1248 1236 1412 1270 tantam
1443 1228 1487 1271 in

129 1305 283 1347 Crasso
297 1304 612 1347 humanitatem
625 1304 773 1359 fuisse,
793 1315 859 1360 ut,
873 1322 1008 1364 quum
1023 1304 1128 1348 lauti
1153 1307 1459 1350 accubuissent
1474 1342 1485 1362 ,

128 1380 353 1425 tolleretur
377 1384 518 1426 omnis
542 1382 617 1427 illa
639 1385 872 1444 superioris
894 1386 1066 1428 tristitia
1095 1387 1326 1443 sermonis,
1354 1403 1488 1446 eaque

127 1472 237 1506 esset
258 1463 301 1506 in
330 1463 507 1507 homine
531 1464 800 1523 jucunditas,
822 1474 865 1507 et
893 1474 1039 1508 tantus
1069 1465 1113 1508 in
1136 1465 1324 1525 jocando
1348 1465 1487 1526 lepos,

127 1550 176 1585 ut
199 1541 289 1586 dies
319 1543 433 1586 inter
455 1560 526 1587 eos
548 1545 678 1587 curiae
702 1544 832 1588 fuisse
856 1545 1089 1597 videretur,
1111 1546 1360 1589 convivium
1377 1548 1486 1589 Tus-

128 1619 284 1664 culani.

191 1703 370 1745 Postero
384 1712 528 1746 autem
541 1702 629 1759 die,
654 1720 787 1763 quum
810 1703 871 1747 illi
891 1704 1076 1764 majores
1099 1714 1204 1748 natu
1225 1704 1326 1748 satis
1344 1705 1484 1765 quies-

128 1791 238 1836 sent,
252 1783 354 1826 etin
376 1781 715 1826 ambulationem
734 1793 911 1827 ventum
927 1795 1058 1839 esset,
1076 1783 1246 1828 dicebat
1271 1794 1363 1827 tum
1379 1786 1486 1828 Scae-

125 1860 290 1916 volam,
309 1861 476 1905 duobus
502 1863 648 1922 spatiis
672 1863 862 1907 tribusve
889 1863 1038 1921 factis,
1065 1864 1248 1907 dixisse:
1279 1865 1370 1908 Cur
1395 1881 1483 1908 non

127 1941 365 1996 imitamur,
381 1943 554 1998 Crasse,
570 1944 788 1986 Socratem
805 1942 948 2004 illum,
966 1944 1041 2003 qui
1057 1944 1179 1987 estin
1196 1943 1380 1988 Phaedro
1395 1943 1487 1988 Pla-

128 2020 274 2065 tonis?
292 2038 393 2065 nam
410 2038 479 2065 me
497 2022 586 2066 haec
606 2032 681 2066 tua
697 2021 900 2083 platanus
916 2023 1164 2078 admonuit3
1184 2039 1277 2083 quae
1298 2039 1386 2066 non
1406 2024 1486 2066 mi-

128 2117 209 2144 nus
226 2101 281 2144 ad
304 2102 575 2162 opacandum
595 2103 711 2146 hunc
730 2102 874 2146 locum
894 2101 1050 2163 patulis
1071 2111 1134 2145 est
1158 2089 1314 2146 diffusa
1333 2103 1483 2157 ramis,

129 2196 259 2239 quam
276 2179 374 2238 illa,
395 2183 518 2242 cujus
536 2183 736 2226 umbram
756 2193 927 2226 secutus
945 2193 1009 2226 est
1028 2184 1244 2239 Socrates,
1266 2198 1360 2241 quae
1377 2181 1482 2225 mihi

134 2260 307 2304 videtur
337 2279 424 2305 uon
459 2272 548 2305 tam
577 2264 668 2322 ipsa
695 2261 879 2322 aquula,
916 2279 1010 2322 quae
1034 2262 1294 2317 describitur
1312 2301 1324 2322 ‚
1355 2279 1484 2322 quam

129 2339 323 2384 Platonis
350 2343 545 2385 oratione
570 2344 754 2386 crevisse
778 2360 787 2386 ε
815 2353 858 2386 et
873 2377 884 2399 ,
913 2343 1029 2402 quod
1053 2341 1125 2386 ille
1148 2342 1389 2386 durissimis
1412 2359 1485 2403 pe-

131 2420 256 2464 dibus
273 2421 388 2478 fecit,
408 2431 457 2465 ut
478 2439 520 2465 se
544 2423 749 2482 abjiceret
773 2424 817 2466 in
838 2423 1032 2479 herbam,
1049 2432 1180 2482 atque
1202 2424 1261 2465 ita
1289 2421 1376 2478 illa,
1392 2438 1485 2483 quae

131 2500 377 2562 philosophi
393 2501 598 2546 divinitus
613 2503 760 2546 ferunt
776 2518 867 2546 esse
883 2502 1014 2557 dicta,
1027 2501 1294 2562 loqueretur,
1313 2502 1357 2545 id
1378 2502 1483 2545 meis

133 2581 313 2640 pedibus
339 2592 454 2626 certe
481 2582 658 2626 concedi
683 2592 746 2626 est
770 2583 947 2642 aequius.
975 2583 1085 2626 Tum
1103 2585 1305 2627 Crassum
1321 2600 1330 2625 :
1346 2584 1483 2625 Immo

137 2676 235 2704 vero
257 2661 527 2705 commodius
551 2662 704 2718 etiam,
733 2661 1018 2722 pulvinosque
1041 2664 1309 2723 poposcisse,
1335 2671 1379 2706 et
1398 2677 1486 2706 om-
