1843 3166
731 221 873 255 LIBER
903 219 968 254 ΙΙΙ.
1450 233 1522 267 227

171 314 213 348 et
238 306 389 348 ceteris
412 306 597 360 civibus,
624 305 688 348 vel
713 305 855 364 potius
877 304 1103 364 gentibus3
1131 303 1214 347 alia
1238 305 1300 348 vis
1326 306 1523 357 honoris,

172 385 438 445 ignominiae,
464 386 652 445 praemii,
683 384 882 445 supplicii
904 401 912 426 :
940 400 1060 440 vere,
1090 399 1145 426 an
1170 400 1310 439 secus,
1339 385 1446 428 nihil
1469 386 1522 429 ad

173 465 255 508 hoc
278 474 471 525 tempus;
512 464 585 508 sed
612 481 660 507 ea
692 465 725 507 si
755 480 996 524 sequamur,
1034 462 1198 507 nullam
1221 480 1409 524 unquam
1433 482 1522 509 rem

174 544 358 588 dicendo
379 543 579 604 expedire
600 545 826 604 possimus.

237 623 409 682 Reliqui
444 633 546 667 sunt
581 624 848 684 peripatetici
888 635 931 668 et
967 625 1196 669 academici
1228 642 1236 668 :
1280 641 1526 686 quanquam

174 703 520 747 academicorum
547 720 707 748 nomen
733 714 797 748 est
824 721 983 755 unum,
1016 707 1238 750 sententiae
1271 705 1378 750 duae.
1415 708 1528 751 Nam

175 785 440 845 Speusippus
475 783 665 829 Platonis
699 787 858 829 sororis
891 785 1022 841 filius,
1058 796 1101 830 et
1127 788 1416 842 Xenocrates,
1455 787 1528 846 qui

173 863 396 908 Platonem
436 865 654 922 audierat,
702 877 744 910 et
781 868 854 927 qui
889 869 1205 921 Xenocratem,
1246 865 1444 921 Polemo,
1487 876 1529 909 et

174 947 378 999 Crantor,
398 944 505 988 nihil
526 947 578 989 ab
598 946 847 999 Aristotele,
873 948 947 1007 qui
966 963 1052 990 una
1071 946 1266 990 audierat
1284 945 1529 1002 Platonem,

175 1042 437 1086 magnopere
453 1026 651 1071 dissensit
670 1044 679 1070 :
710 1028 832 1087 copia
848 1027 1049 1084 sortasse,
1069 1037 1110 1070 et
1131 1028 1337 1070 varietate
1359 1026 1529 1070 dicendi

175 1122 299 1166 pares
323 1123 409 1150 non
437 1106 625 1150 fuerunt.
661 1106 870 1151 Arcesilas
897 1108 1105 1168 primum,
1148 1107 1223 1167 qui
1257 1105 1529 1150 Polemonem

176 1185 390 1242 audierat,
415 1202 463 1229 ex
486 1187 614 1230 variis
634 1185 828 1231 Platonis
846 1186 988 1243 libris,
1009 1188 1364 1246 sermonibusque
1382 1189 1530 1230 Socra-

176 1267 272 1310 ticis
298 1267 381 1311 hoc
414 1268 600 1311 maxime
630 1268 836 1326 arripuit,
874 1266 981 1310 nihil
1021 1283 1114 1310 esse
1143 1268 1272 1321 certi,
1308 1267 1424 1326 quod
1458 1276 1531 1309 aut

175 1347 398 1403 sensibus,
424 1356 498 1390 aut
519 1348 665 1391 animo
687 1347 854 1407 percipi
878 1348 1034 1406 possit3
1059 1363 1189 1405 quem
1213 1346 1357 1389 serunt
1376 1347 1532 1389 eximio

175 1426 364 1486 quodam
400 1444 526 1470 usum
558 1426 703 1487 lepore
733 1426 929 1480 dicendi,
969 1435 1245 1485 aspernatum
1279 1442 1368 1469 esse
1406 1442 1534 1469 omne

175 1507 308 1550 animi
326 1523 562 1567 sensusque
575 1507 812 1567 judicium,
832 1507 1109 1567 primumque
1126 1507 1360 1550 instituisse
1379 1506 1532 1567 (quan-

175 1603 305 1646 quam
330 1587 374 1631 id
397 1588 478 1632 fuit
503 1589 773 1632 Socraticum
800 1585 1024 1646 maxime),
1056 1602 1167 1641 non,
1196 1585 1300 1644 quid
1326 1587 1415 1646 ipse
1436 1603 1533 1629 sen·

175 1667 294 1720 tii-et,
319 1667 567 1723 ostendere3
595 1666 669 1710 sed
690 1676 844 1709 contra
863 1665 927 1719 id,
956 1664 1072 1724 quod
1099 1665 1281 1724 quisque
1307 1681 1351 1709 se
1374 1667 1533 1710 sentire

174 1746 350 1792 dixisset
366 1782 377 1804 ,
405 1747 636 1807 disputare.

238 1829 349 1872 Hinc
367 1828 456 1872 haec
474 1828 689 1872 recentior
708 1826 929 1870 academia
949 1826 1167 1869 emanavit
1180 1860 1191 1882 ,
1218 1826 1260 1869 in
1281 1842 1365 1885 qua
1386 1826 1531 1870 existi-

177 1910 228 1952 tit
265 1908 414 1952 divina
447 1908 635 1968 quadam
673 1906 890 1951 celeritate
930 1905 1091 1967 ingenii
1127 1905 1381 1966 dicendique
1410 1907 1534 1966 copia

177 1988 454 2033 Carneades:
500 1988 623 2048 cujus
664 2003 742 2048 ego
783 1987 863 2030 etsi
899 1985 1060 2029 multos
1094 1985 1311 2029 auditores
1347 1988 1531 2046 cognovi

175 2069 382 2126 Athenis,
418 2078 562 2113 tamen
595 2077 792 2111 auctores
828 2067 1088 2110 certissimos
1125 2064 1300 2108 laudare
1336 2081 1535 2125 possum,

177 2159 222 2193 et
254 2166 449 2194 socerum
479 2166 624 2193 meum
658 2147 914 2204 Scaevolam,
953 2147 1027 2206 qui
1060 2162 1160 2189 eum
1194 2148 1343 2189 Romae
1373 2145 1536 2188 audivit

177 2230 446 2286 adolescens,
473 2240 516 2274 et
538 2231 592 2287 Q.
620 2227 871 2283 Metellum,
903 2229 953 2270 L.
977 2230 1046 2284 F.,
1078 2225 1335 2270 familiarem
1364 2242 1506 2269 meum
1526 2260 1537 2281 ,

177 2310 463 2355 clarissimum
483 2311 646 2366 virum,
673 2310 748 2369 qui
771 2307 892 2351 illum
916 2323 940 2350 a
965 2323 1009 2350 se
1034 2305 1306 2350 adolescente
1327 2306 1510 2350 Athenis
1525 2339 1537 2360 ,

173 2392 263 2451 jam
290 2391 495 2435 affectum
528 2399 770 2445 senectute,
807 2386 968 2431 multos
1005 2386 1094 2430 dies
1126 2386 1320 2430 auditum
1355 2402 1445 2429 esse
1475 2385 1539 2429 di-

177 2473 313 2517 cebat.

239 2555 358 2596 XIX.
395 2555 495 2596 Haec
521 2561 688 2607 autem,
719 2560 766 2593 ut
788 2566 840 2593 ex
862 2549 1096 2610 Apennino
1122 2548 1372 2603 fluminum,
1403 2547 1463 2589 sic
1488 2563 1538 2589 ex

178 2634 399 2677 communi
423 2633 683 2693 sapientium
699 2632 805 2692 jugo
827 2640 927 2675 sunt
949 2629 1248 2673 doctrinarum
1269 2628 1379 2670 facta
1401 2626 1540 2670 divor-

1279 2705 1344 2750 15.
