1843 3166
285 158 353 179 100
795 146 859 180 DF.
886 146 1124 181 ORATORF.

280 230 468 290 generis,
498 229 620 273 facile
648 229 828 282 videbit,
855 231 930 289 qui
958 229 1066 273 volet
1097 228 1274 272 laudare
1297 228 1571 287 quempiam,
1603 236 1643 269 et

280 310 352 368 qui
380 311 648 370 vituperare,
673 312 903 353 contraria.

344 418 405 424 ἡ
420 392 509 433 Cur
533 392 665 451 igitur
685 391 878 447 dubitas,
909 392 1048 451 inquit
1070 390 1273 445 Catulus,
1302 390 1442 432 lacere
1465 388 1547 432 hoc
1567 399 1649 432 ter-

285 470 392 513 tium
418 487 571 529 genus,
600 473 805 530 quoniam
825 472 934 514 inest
954 472 1180 514 iuratione
1202 471 1376 514 rerum?
1402 487 1486 513 non
1511 471 1648 522 enim,

285 551 319 593 si
344 561 408 594 est
435 550 620 606 facilius,
653 568 703 593 eo
728 551 780 594 de
812 568 994 595 numero
1024 568 1197 611 quoquc
1223 561 1288 593 est
1312 550 1647 610 excerpendum.

286 631 475 687 ——Quia
501 630 622 687 nolo,
652 633 814 691 inquit,
845 632 1011 685 onmia,
1039 648 1133 691 quae
1158 631 1321 674 eadunt
1348 629 1582 690 aliquando
1607 630 1649 673 in

286 720 525 765 oratorem,
558 713 756 770 quamvis
782 713 935 772 exigua
963 713 1074 766 sint,
1112 728 1160 754 ra
1193 712 1252 753 sic
1282 720 1487 766 tractare,
1531 711 1652 770 quasi

288 790 393 833 nihil
421 791 555 850 possit
578 790 661 834 diei
689 793 779 834 siue
805 793 1028 851 praereptis
1049 793 1148 833 suis.

352 871 464 914 Nam
490 880 531 913 ct
559 872 856 914 testimonium
883 888 993 931 saepe
1014 871 1247 914 dicendum
1269 881 1354 927 est,
1381 888 1431 914 ac
1456 887 1655 914 nonnun-

289 967 419 1008 quam
444 951 571 993 etiam
599 953 860 1004 accuratius,
890 961 938 994 ut
964 952 1067 993 inihi
1096 968 1265 994 necesse
1293 951 1376 994 fuit
1405 952 1447 994 in
1472 954 1568 995 Sex.
1590 951 1659 994 Ti-

290 1031 420 1085 tium,
446 1030 696 1073 seditiosum
723 1031 862 1073 civem
883 1040 921 1073 et
943 1030 1245 1074 turbulentum
1267 1049 1275 1074 :
1304 1032 1516 1092 explicavi
1540 1033 1582 1074 in
1607 1048 1657 1075 eo

293 1109 541 1152 testimonio
567 1109 750 1153 dicendo
775 1110 921 1153 onmia
948 1110 1127 1153 consilia
1150 1110 1400 1154 consulatus
1425 1113 1533 1168 mci,
1563 1112 1660 1171 qui-

292 1189 370 1232 bus
393 1188 453 1231 illi
477 1190 654 1233 tribuno
674 1190 811 1250 plebis
838 1208 916 1251 pro
939 1190 1162 1252 republica
1187 1192 1459 1248 restitissem,
1479 1209 1661 1252 quaeque

291 1269 344 1312 ab
368 1285 418 1312 co
436 1279 588 1313 contra
613 1270 927 1331 rempublicam
953 1271 1064 1314 facta
1087 1272 1336 1328 arbitrarer,
1362 1272 1568 1333 exposui3
1588 1273 1662 1317 diu

292 1360 486 1393 retentus
512 1367 630 1406 sum,
662 1350 801 1395 multa
828 1351 1003 1407 audivi,
1031 1351 1169 1395 multa
1192 1352 1409 1412 respondi.
1441 1354 1560 1396 Num
1590 1354 1665 1413 igi-

297 1439 364 1472 tur
389 1429 548 1489 placet,
578 1447 713 1490 quum
735 1431 787 1474 de
804 1430 1051 1491 eloquentia
1072 1433 1318 1492 praecipias,
1344 1431 1509 1492 aliquid
1534 1434 1662 1476 etiam

294 1510 346 1552 de
373 1511 630 1554 testimoniis
659 1511 875 1567 dicendis,
903 1514 1024 1572 quasi
1056 1514 1098 1556 in
1129 1523 1221 1556 arte
1251 1512 1663 1557 tradere?—-Niliil

294 1606 418 1644 sane,
446 1590 587 1650 inquit
611 1591 814 1644 Catulus,
845 1608 1017 1636 necesse
1039 1602 1115 1636 est.

355 1670 702 1727 §HL—Quid?
742 1672 776 1715 si
813 1671 955 1732 (quod
989 1687 1099 1732 saepe
1132 1674 1311 1717 summis
1347 1675 1450 1717 viris
1482 1674 1663 1735 accidit)

294 1749 499 1793 mandata
528 1751 614 1794 sint
639 1751 916 1811 exponenda,
947 1761 1022 1795 aut
1051 1753 1095 1795 in
1120 1763 1274 1796 senatu
1300 1754 1354 1797 ab
1382 1754 1666 1813 imperatore,

294 1829 448 1874 autad
477 1832 806 1891 imperatorem,
847 1842 921 1875 aut
954 1832 1009 1876 ad
1044 1849 1211 1893 regem,
1254 1843 1330 1876 aut
1367 1834 1422 1877 ad
1454 1833 1666 1895 populum

294 1909 482 1970 aliquem
503 1928 528 1954 a
548 1921 699 1955 senatu
719 1928 728 1954 ε
758 1929 886 1969 num,
915 1914 1017 1972 quia
1039 1929 1195 1973 genere
1219 1914 1429 1957 orationis
1448 1915 1492 1957 in
1517 1914 1667 1974 hujus-

297 1991 413 2035 modi
434 1992 574 2035 causis
594 1994 864 2036 accuratiore
887 2003 953 2036 est
975 1994 1213 2057 utendum,
1233 1993 1396 2038 idcirco
1417 2011 1517 2055 pars
1537 1995 1667 2039 etiam

297 2070 385 2116 haec
413 2089 642 2116 causarum
666 2073 935 2117 numeranda
957 2075 1143 2133 videtur,
1168 2086 1244 2119 aut
1268 2076 1457 2136 propriis
1481 2093 1669 2136 praecep-

299 2153 351 2195 tis
383 2151 665 2196 instruenda?
684 2180 746 2186 -—
765 2154 949 2198 Minime
978 2172 1105 2212 vero,
1144 2156 1287 2215 inquit
1318 2156 1500 2200 Catulus
1529 2173 1539 2200 :
1579 2173 1668 2201 non

298 2233 414 2275 enim
444 2232 583 2275 deerit
610 2233 778 2276 homini
806 2234 969 2278 diserto
994 2236 1037 2278 in
1067 2236 1281 2295 ejusmodi
1309 2236 1438 2280 rebus
1464 2235 1668 2293 facultas,

298 2327 349 2353 ex
373 2312 525 2354 ceteris
552 2312 679 2355 rebus
703 2322 746 2355 et
769 2314 909 2358 causis
933 2325 1197 2374 comparata.

362 2393 552 2452 ——Ergo
579 2392 703 2448 item,
735 2394 898 2453 inquit,
926 2393 1018 2449 illa,
1054 2411 1149 2454 quae
1177 2412 1287 2456 saepe
1315 2396 1474 2440 diserte
1500 2397 1668 2457 agenda

301 2480 424 2528 sunt,
452 2482 495 2515 et
519 2488 612 2531 quae
630 2489 709 2532 ego
731 2473 876 2533 paullo
900 2483 1001 2518 ante
1025 2475 1179 2535 (quum
1205 2475 1497 2538 eloquentiam
1519 2475 1669 2520 lauda-

303 2551 410 2600 rem]
431 2551 518 2594 dixi
537 2553 722 2595 oratoris
741 2571 850 2609 esse,
873 2571 1012 2614 neque
1032 2555 1195 2598 habent
1218 2573 1345 2599 suum
1368 2555 1511 2599 locum
1530 2556 1666 2600 ullum
