1843 3166
346 228 414 260 τιιδ
852 229 912 262 DE
943 230 1170 263 ORATORE

345 307 445 350 ‹lum
467 308 601 351 verbis
626 311 694 363 iis,
724 311 878 368 quibus
901 313 990 369 jam
1018 310 1281 353 consuetudo
1313 319 1454 352 nosti-a
1483 325 1569 353 non
1590 311 1673 352 uti-

344 396 426 440 tur,
455 388 530 429 nisi
556 387 726 447 quando
750 388 930 432 ornandi
949 406 1098 443 causa,
1125 405 1270 449 parce,
1298 388 1411 448 quod
1432 387 1673 441 ostendam3

343 466 413 508 sed
440 467 602 510 usitatis
631 468 686 510 ita
711 470 870 526 polerit
893 469 977 524 uti,
1002 467 1235 511 lectissimis
1262 478 1309 510 ut
1333 477 1492 522 utatur,
1524 468 1578 522 is,
1602 469 1671 526 qui

344 546 385 587 in
409 547 619 589 veteribus
645 547 725 589 crit
750 548 917 606 scriptis
942 547 1127 590 studiose
1148 556 1188 589 et
1215 545 1396 589 multum
1422 545 1651 589 volutatus.

373 638 379 662 r
403 626 476 666 XI.
513 627 669 683 Atque,
697 635 743 667 ut.
768 624 898 669 latine
917 625 1155 684 loquamur,
1181 642 1266 668 non
1287 625 1422 668 solum
1446 625 1674 668 videndum

341 713 422 755 est,
448 712 494 745 ut
515 712 556 745 et
577 704 704 745 verba
727 703 952 747 efferamus
972 720 1039 758 ea,
1065 720 1158 763 quae
1183 720 1310 746 nemo
1330 704 1425 762 jure
1448 704 1675 763 reprehen-

340 781 435 835 da13
469 791 509 824 et
533 797 581 824 ca
603 782 662 824 sic
686 792 730 825 et
752 783 936 836 casibus,
972 792 1014 824 et
1044 782 1328 841 temporibus,
1363 792 1404 825 et
1431 799 1604 842 genere,
1636 792 1676 825 et

342 876 518 903 numero
548 876 868 917 conservemus,
897 870 946 904 ut
971 877 1023 903 ne
1048 860 1153 919 quid
1176 861 1493 920 perturbatum,
1516 878 1563 904 ac
1588 861 1673 904 dis-

340 956 534 999 crepans,
556 950 629 983 aut
649 950 956 999 praeposterum
979 941 1057 983 sit:
1077 939 1148 983 sed
1165 941 1290 982 etiam
1308 939 1473 1000 lingua,
1496 949 1536 982 et
1553 941 1675 999 spiri-

341 1030 430 1073 tus,
458 1028 498 1061 et
519 1020 632 1062 vocis
660 1035 790 1062 sonus
811 1029 872 1062 est
896 1020 986 1079 ipse
1010 1018 1310 1061 moderandus.

400 1096 511 1141 Nolo
543 1098 723 1156 exprimi
750 1096 911 1141 litteras
930 1098 1141 1158 putidius,
1168 1097 1269 1141 nolo
1298 1099 1516 1141 obscurari
1540 1098 1670 1158 negli-

340 1177 526 1235 gentius,
545 1175 645 1219 nolo
666 1177 794 1219 verba
807 1176 970 1220 exiliter
984 1178 1223 1220 exanimata
1239 1178 1374 1230 exire,
1392 1176 1492 1220 nolo
1510 1177 1677 1228 inflata,

340 1264 377 1297 et
397 1256 515 1314 quasi
535 1255 730 1299 anhelata
752 1257 922 1316 gravius
939 1274 959 1309 ;ΙΛ
970 1273 1070 1299 nam
1090 1256 1141 1299 de
1160 1273 1263 1300 voce
1282 1256 1473 1300 nondum
1491 1273 1537 1300 ea
1561 1257 1677 1309 dieo,

339 1349 431 1391 quae
466 1344 564 1376 sunt
595 1335 793 1391 actionis3
828 1335 899 1378 sed
929 1336 1029 1391 hoc,
1064 1336 1179 1394 quod
1212 1336 1315 1379 mihi
1352 1353 1448 1379 cum
1485 1352 1678 1379 sermone

339 1413 458 1470 quasi
487 1414 766 1472 conjunctum
796 1414 1117 1457 videtu1·.2Sunt
1143 1415 1256 1457 enim
1293 1425 1408 1459 certa
1429 1416 1549 1471 vitia,
1586 1432 1678 1475 qnae

341 1507 464 1534 nemo
479 1502 540 1535 est
558 1493 662 1551 quin
683 1493 871 1553 effugere
890 1494 1053 1554 cupiat3
1080 1493 1220 1537 mollis
1240 1511 1343 1549 νοις,
1367 1505 1416 1537 ut
1438 1494 1675 1550 muliebris,

340 1572 544 1628 autquasi
559 1580 674 1613 extra
700 1572 874 1614 modum
898 1573 1056 1616 absona
1077 1583 1204 1631 atque
1221 1573 1416 1616 absurda.
1441 1577 1517 1617 Est
1534 1583 1676 1617 autem

340 1649 511 1704 vitium,
532 1649 647 1708 quod
669 1649 867 1692 nonnulli
888 1650 939 1693 de
965 1651 1175 1693 industria
1201 1661 1514 1695 consectantur.
1658 1638 1662 1645 .

400 1729 575 1771 Rustica
601 1745 684 1772 vox
702 1739 743 1772 et
764 1731 942 1790 agrestis
960 1730 1167 1790 quosdam
1196 1729 1401 1788 delectat,
1428 1748 1515 1791 quo
1549 1734 1681 1792 magis

341 1807 660 1865 antiquitatem,
678 1809 711 1851 si
741 1810 799 1851 ita
819 1820 960 1864 sonet,
987 1826 1136 1853 eorum
1164 1826 1303 1853 sermo
1329 1811 1511 1853 retinere
1538 1812 1681 1854 videa-

343 1896 438 1928 tur:
469 1897 516 1929 ut
543 1896 662 1941 tuus,
696 1887 868 1944 Catule,
894 1888 1069 1941 sodalis,
1101 1891 1148 1932 L.
1176 1891 1324 1943 Cotta,
1359 1889 1546 1949 gaudere
1576 1891 1679 1933 mihi

343 1965 508 2008 videtui·
528 1967 737 2026 gravitate
753 1966 933 2027 linguae,
952 1986 1144 2028 sonoque
1167 1969 1282 2012 vocis
1305 1970 1482 2028 agresti,
1501 1969 1679 2024 etillud,

339 2046 455 2103 quod
482 2045 689 2105 loquitur,
721 2049 911 2106 priscum
936 2050 1074 2091 visum
1104 2050 1153 2091 iri
1180 2058 1320 2108 putat,
1347 2049 1380 2091 si
1403 2048 1529 2108 plane
1553 2049 1680 2092 fuerit

340 2125 616 2168 rusticanum.
642 2127 713 2168 Me
732 2137 876 2170 autem
902 2137 999 2170 tuus
1022 2145 1151 2171 sonus
1175 2139 1217 2171 et
1242 2128 1427 2171 suavitas
1447 2129 1526 2171 ista
1548 2128 1680 2172 delec-

339 2212 422 2259 tat,
448 2204 599 2247 omitto
624 2206 874 2262 verborum,
907 2224 1151 2266 quanquam
1178 2218 1242 2251 est
1275 2218 1422 2267 caput3
1456 2224 1603 2251 verum
1637 2209 1679 2252 id

339 2281 461 2324 affert
483 2284 614 2338 ratio,
632 2284 787 2328 docent
816 2285 987 2343 litterae,
1011 2287 1237 2330 confirmat
1263 2286 1528 2331 consuetudo
1556 2298 1598 2331 et
1620 2288 1678 2331 le-

339 2361 462 2420 gendi
486 2372 527 2405 et
555 2359 778 2422 loquendi3
808 2365 879 2408 sed
912 2366 1021 2409 hanc
1051 2366 1147 2410 dico
1170 2368 1440 2421 suavitatem,
1471 2383 1565 2426 quae
1593 2368 1677 2410 exit

339 2457 389 2483 ex
411 2458 485 2484 ore
507 2458 516 2484 :
544 2458 637 2501 quae
659 2444 852 2502 quidem,
881 2455 927 2488 ut
954 2445 1068 2504 apud
1091 2447 1287 2498 Graecos,
1321 2447 1583 2503 Atticorum,
1617 2448 1676 2490 sic

340 2520 378 2562 in
398 2518 530 2564 latino
550 2537 765 2572 sermone,
791 2524 919 2583 hujus
934 2534 995 2567 est
1021 2524 1141 2567 urbis
1164 2526 1344 2568 maxime
1369 2526 1555 2585 propria.

398 2601 574 2644 Athenis
593 2601 683 2661 jam
705 2602 777 2645 diu
814 2602 1007 2647 doctrina
1037 2604 1227 2663 ipsorum
1252 2605 1572 2648 Atheniensium
1610 2606 1672 2648 in-
