1843 3166
369 186 439 230 278
880 182 941 217 DE
970 182 1202 217 ORAToRE

429 267 513 311 Sed
551 267 591 309 in
627 283 700 309 ore
723 275 821 309 sunt
847 266 1001 308 omnia.
1029 267 1076 307 Iu
1101 281 1150 308 eo
1177 274 1317 308 autem
1345 265 1437 323 ipso
1460 264 1704 307 dominatus

367 356 428 391 est
464 347 604 390 omnis
627 344 880 389 oculorum:
910 361 996 404 quo
1024 344 1174 387 melius
1206 344 1339 387 nostri
1375 342 1433 385 illi
1468 358 1616 395 senes,
1642 342 1716 400 qui

370 436 671 487 personatum,
689 442 740 469 ne
758 426 959 469 Roscium
980 425 1171 484 quidem,
1192 439 1449 483 magnopere
1472 421 1716 465 laudabant.

372 507 514 551 Animi
544 516 606 549 est
629 506 741 548 cuim
765 504 903 547 omnis
925 505 1053 557 actio,
1072 513 1114 546 ct
1139 504 1281 562 imago
1305 502 1433 545 animi
1460 500 1604 544 vultus
1632 510 1721 551 est,

374 587 534 630 indices
549 585 663 629 oculi
682 603 690 628 :
713 601 811 628 nam
826 585 915 627 haec
939 593 1002 626 est
1021 599 1105 625 uua
1130 599 1227 642 pars
1251 582 1466 641 corporis,
1486 597 1598 640 quae,
1617 588 1724 639 quot

376 667 506 710 animi
535 675 676 708 motus
703 673 823 716 sunt,
850 673 914 706 tot
938 663 1270 722 significationes
1297 671 1340 704 et
1366 661 1725 704 commutationes

380 745 513 804 possit
543 743 735 797 efficere3
762 757 902 800 neque
934 757 1037 783 vcro
1075 750 1138 782 est
1165 741 1413 798 quisquam,
1444 741 1540 798 qui,
1576 739 1725 782 eadem

381 833 614 877 contuens,
660 821 828 864 efficiat.
873 819 1194 879 Theophrastus
1238 818 1430 877 quidem,
1473 819 1728 861 Tauriscum

377 901 627 961 quemdam,
660 900 790 955 dixit,
816 909 1004 942 actorem
1029 913 1226 940 aversum
1251 896 1423 939 solitum
1447 912 1537 939 esse
1568 896 1727 952 dicere,

379 982 453 1040 qui
477 982 519 1023 in
541 980 707 1040 agendo
730 989 938 1022 contuens
961 976 1123 1036 aliquid
1150 976 1463 1036 pronuntiaret.

443 1060 590 1115 Quare
619 1057 844 1101 oculorum
865 1066 927 1100 cst
947 1072 1101 1115 magna
1124 1055 1373 1098 moderatio.
1401 1057 1514 1099 Nam
1534 1055 1620 1098 oris
1642 1072 1728 1099 non

381 1149 444 1182 est
464 1139 645 1181 nimium
668 1137 877 1181 mutanda
897 1137 1078 1196 specics,
1102 1152 1154 1178 ne
1176 1145 1251 1178 aut
1275 1135 1328 1178 ad
1350 1136 1554 1194 ineptias,
1581 1145 1656 1178 aut
1678 1135 1731 1178 ad

381 1219 634 1278 pravitatem
660 1217 845 1277 aliquam
861 1216 1115 1259 deferamur.
1141 1213 1268 1260 Oculi
1287 1224 1410 1268 sunt,
1432 1230 1617 1274 quorum
1640 1224 1731 1258 tum

383 1298 642 1349 intentione,
674 1307 765 1341 tum
793 1297 1061 1348 remissione,
1095 1304 1185 1337 tum
1213 1295 1437 1354 conjectu,
1468 1304 1562 1337 tum
1588 1293 1733 1338 hilari-

384 1386 496 1431 tate,
535 1385 679 1418 motus
717 1377 960 1417 animorum
988 1373 1273 1434 significemus
1314 1383 1412 1433 apte
1447 1390 1545 1417 cum
1581 1389 1734 1434 genere

386 1456 476 1513 ipso
501 1455 717 1498 orationis.
743 1456 820 1497 Est
838 1454 951 1496 enim
975 1453 1086 1495 actio
1106 1453 1226 1510 quasi
1245 1468 1384 1495 sermo
1407 1453 1624 1511 corporis:
1649 1469 1735 1511 quo

385 1534 518 1591 magis
543 1533 675 1574 menti
702 1547 942 1591 congruens
969 1547 1057 1573 esse
1077 1531 1213 1573 debet.
1235 1530 1397 1574 Oculos
1412 1541 1556 1574 autem
1580 1541 1734 1573 natura

388 1612 528 1665 nobis,
555 1620 603 1653 ut
624 1627 734 1669 equo
756 1619 799 1652 et
821 1609 933 1652 leoni
958 1609 1105 1668 jubam,
1127 1608 1333 1664 caudam,
1353 1625 1496 1663 aures,
1519 1611 1571 1652 ad
1595 1620 1736 1654 motus

386 1692 626 1734 animorum
647 1688 927 1732 declarandos
954 1688 1081 1731 dedit.

448 1771 595 1826 Quare
614 1770 658 1812 in
684 1770 764 1811 hac
782 1777 927 1811 nostra
950 1769 1119 1810 actione
1147 1767 1382 1812 secundum
1416 1785 1564 1826 vocem
1592 1770 1736 1815 vultus

391 1849 530 1892 valet:
558 1850 592 1891 is
618 1859 761 1892 autem
788 1846 922 1892 oculis
948 1847 1225 1908 gubernatur.
1250 1850 1392 1908 Atque
1414 1851 1458 1892 in
1475 1851 1525 1894 iis
1539 1852 1737 1895 omnibus

390 1945 484 1988 quae
509 1938 606 1971 sunt
644 1929 849 1983 actionis,
889 1929 1001 1970 inest
1028 1927 1224 1987 quaedam
1259 1930 1320 1972 vis
1358 1946 1382 1972 a
1418 1940 1575 1974 natura
1610 1931 1734 1975 data:

392 2025 522 2068 quare
548 2010 677 2052 etiam
701 2009 780 2050 hac
802 2007 1008 2066 imperiti,
1037 2007 1116 2050 hac
1136 2006 1311 2068 vulgus⁷
1335 2008 1415 2052 hac
1436 2009 1622 2070 denique
1646 2010 1738 2054 bar-

390 2088 483 2131 bari
507 2087 691 2129 maxime
713 2095 1054 2129 commoventur.
1084 2087 1229 2129 Verba
1260 2087 1373 2130 enim
1398 2089 1614 2132 neminem
1644 2106 1737 2134 mo-

392 2175 512 2221 vent,
545 2166 625 2207 nisi
649 2180 774 2221 eum,
799 2165 872 2223 qui
899 2164 1090 2223 ejusdem
1118 2164 1274 2226 linguae
1309 2168 1509 2211 societate
1532 2170 1738 2229 conjunc-

392 2257 459 2290 tus
473 2256 554 2302 est3
575 2245 874 2303 sententiaeque
897 2261 1004 2304 saepe
1016 2255 1152 2288 acutae
1171 2262 1257 2288 non
1276 2256 1499 2290 acutorum
1512 2249 1738 2293 hominum

393 2342 539 2370 sensus
576 2322 904 2383 praetervolant:
935 2326 1064 2378 actio,
1095 2341 1187 2384 quae
1213 2343 1300 2385 prae
1327 2343 1370 2370 se
1409 2337 1574 2371 motum
1604 2330 1735 2373 animi

391 2407 495 2459 fert,
521 2420 665 2448 omnes
690 2414 851 2459 movet3
892 2404 1043 2447 iisdem
1070 2406 1183 2448 enim
1218 2408 1411 2450 omnium
1441 2409 1574 2451 animi
1607 2411 1736 2453 moti-

391 2487 471 2529 bus
490 2485 775 2539 concitantur,
801 2500 870 2526 eos
900 2484 1049 2528 iisdem
1075 2486 1186 2529 notis
1213 2496 1254 2529 et
1290 2488 1332 2529 in
1357 2487 1448 2531 aliis
1475 2499 1734 2548 agnoscunt,

391 2577 432 2609 et
451 2567 493 2608 in
512 2581 554 2608 se
574 2564 653 2623 ipsi
684 2562 886 2605 indicant.
