1843 3166
732 227 874 260 ruffin
907 227 950 260 n.
1037 253 1040 256 .
1449 232 1519 274 ,07

219 313 355 354 LXII.
393 314 541 368 Quare
580 313 768 371 primum
809 328 941 371 genus
983 314 1088 367 hoc,
1139 315 1253 372 quod
1289 318 1420 359 mum
1457 317 1520 360 vel

157 392 342 434 maxime
366 401 526 446 movet,
556 408 641 433 non
663 401 723 434 cst
749 402 944 435 nostrum
964 411 970 435 :
992 410 1232 449 morosum,
1252 399 1521 454 superstitio-

157 489 275 527 sum,
298 473 609 532 suspiciosum,
633 472 890 532 gloriosum,
916 473 1119 529 stultum3
1141 485 1305 518 naturae
1328 477 1523 521 ridentur

157 553 257 613 ipsae
277 569 285 595 :
306 568 410 612 quas
426 568 632 612 personas
649 554 812 614 agitare
832 554 1020 598 solemus
1035 589 1046 608 ,
1065 572 1150 597 non
1171 557 1394 600 sustinere.

224 632 417 677 Alterum
451 649 586 693 genus
616 643 678 677 est
714 636 955 679 imitatione
991 635 1225 679 admodum
1261 636 1523 692 ridiculum,

156 713 230 757 sed
262 714 385 757 nobis
416 723 584 758 tantum
616 714 715 758 licet
753 715 921 771 furtim,
959 718 991 760 si
1033 717 1228 777 quando,
1259 729 1301 762 ct
1333 721 1523 773 cursim,

155 794 279 838 aliter
298 796 412 838 enim
437 795 612 839 minime
632 804 693 839 cst
720 796 907 840 liberale.
934 799 1129 841 Tertium
1145 800 1231 843 oris
1252 798 1524 860 depravatio,

157 891 243 917 non
262 874 392 936 digna
416 875 551 918 nobis.
578 879 795 932 Quartum
816 911 826 927 ,
853 877 1135 934 obscoenitas,
1160 896 1245 921 non
1277 878 1418 924 solum
1439 897 1524 924 non

156 955 249 1000 foro
273 955 429 1016 digna,
459 956 531 999 sed
560 958 629 999 vix
660 958 862 1000 convivio
879 956 1130 1001 liberorum.
1156 962 1370 1004 Detractis
1394 962 1526 1021 igitur

158 1045 220 1078 tot
238 1035 366 1079 rebus
384 1053 433 1079 ex
457 1036 539 1080 hoc
563 1038 754 1080 oratorio
772 1036 865 1081 loco
880 1072 890 1092 ,
914 1039 1074 1082 facetia}
1089 1040 1267 1099 reliquae
1289 1050 1413 1096 sunt,
1432 1059 1526 1102 qum

155 1126 228 1159 aut
259 1118 300 1159 in
332 1133 401 1171 re,
440 1126 483 1160 ut
511 1127 609 1160 ante
639 1117 789 1173 divisi,
819 1120 967 1178 positae
994 1118 1197 1162 videntur
1232 1138 1339 1177 esse,
1372 1132 1444 1165 aut
1485 1124 1524 1165 in

158 1197 300 1240 verbo.
324 1199 434 1241 Nam
451 1198 590 1257 quod,
614 1199 960 1258 quibuscumque
983 1200 1122 1242 verbis
1141 1200 1318 1254 dixeris,
1341 1202 1523 1245 facetum

157 1288 299 1321 tamen
334 1288 420 1329 est,
457 1295 500 1321 re
537 1281 811 1332 continetur,
847 1280 964 1338 quod
1004 1281 1181 1323 mutatis
1216 1282 1354 1324 verbis
1394 1280 1523 1326 salem

157 1360 335 1414 amittit,
364 1361 405 1401 in
435 1360 575 1403 verbis
598 1360 729 1403 habet
755 1359 944 1419 lcporem
969 1377 1159 1403 omnem.

222 1439 435 1500 Ambigua
461 1450 561 1483 sunt
587 1441 628 1483 in
653 1441 803 1500 primis
819 1451 970 1495 acuta,
989 1450 1119 1500 atque
1151 1442 1189 1483 in
1215 1425 1345 1485 verbo
1365 1444 1525 1502 posita,

162 1537 246 1563 non
269 1521 311 1563 in
338 1537 409 1574 re,
431 1520 608 1564 sednon
634 1537 743 1581 saepe
769 1537 975 1581 magnum
1003 1522 1135 1565 risum
1165 1532 1362 1579 movent3
1390 1525 1525 1584 magis

159 1611 205 1644 ut
230 1600 341 1644 belle
357 1611 399 1645 et
423 1601 610 1645 litterate
627 1601 740 1644 dicta
766 1601 999 1644 laudantur
1023 1619 1030 1643 τ
1053 1612 1097 1644 ut
1118 1603 1159 1644 in
1186 1601 1307 1645 illum
1332 1604 1495 1646 Titium
1517 1640 1526 1659 ,

158 1699 309 1742 quem,
336 1699 472 1743 quum
505 1682 694 1726 studiose
726 1680 811 1741 pila
834 1681 1020 1737 luderet,
1051 1692 1087 1725 et
1121 1682 1231 1725 idem
1260 1683 1382 1743 signa
1409 1700 1527 1727 sacra

158 1772 286 1807 noctu
303 1763 501 1823 frangere
513 1772 740 1823 putaretur
756 1798 767 1818 ,
793 1761 1093 1823 gregalesque,
1109 1780 1242 1822 quum
1260 1764 1301 1806 in
1322 1780 1523 1825 campum

165 1860 252 1887 non
287 1845 496 1898 venisset,
532 1844 821 1903 requirerent,
853 1844 1073 1886 excusavit
1102 1846 1241 1904 Vespa
1274 1846 1528 1899 Terentius,

158 1924 275 1985 quod
299 1942 397 1969 eum
422 1946 440 1966 «
461 1925 685 1969 brachium
708 1924 918 1984 fregisse»
939 1924 1110 1968 diceret.

224 2006 287 2050 Ut
311 2005 417 2049 illud
443 2005 661 2061 Africani,
690 2005 806 2065 quod
829 2016 891 2049 est
920 2005 1033 2065 apud
1062 2005 1303 2049 Lucilium:

158 2124 288 2172 Quid?
308 2127 466 2172 Decius,
487 2129 668 2162 Nuculam
688 2141 734 2161 an
754 2126 942 2161 confixum
964 2127 1016 2161 vis
1037 2126 1181 2162 facere?
1203 2128 1333 2174 inquit.

225 2239 286 2282 Ut
299 2247 400 2281 tuus
415 2238 601 2292 amicus,
617 2239 790 2290 Crasse,
805 2237 1016 2291 Granius,
1032 2256 1050 2275 «
1072 2253 1158 2279 non
1174 2253 1263 2280 esse
1280 2239 1528 2280 sextantis.»

225 2321 278 2362 Et
295 2353 306 2372 ,
331 2319 364 2361 si
388 2318 595 2377 quaeritiS,
620 2318 679 2373 is,
711 2317 784 2377 qui
812 2315 1054 2377 appellatur
1087 2317 1211 2360 dicax
1229 2352 1240 2371 ,
1264 2318 1348 2360 hoc
1372 2334 1527 2378 genere

162 2401 348 2443 maxime
378 2396 582 2453 excelle13
610 2397 682 2441 sed
708 2399 818 2441 risus
844 2407 1017 2440 movent
1039 2397 1121 2441 alia
1154 2399 1350 2459 majores.
1382 2398 1525 2442 Ambi-

165 2497 295 2540 guum
328 2496 468 2541 perse
497 2481 636 2540 ipsum
673 2479 885 2540 probatur
912 2478 953 2522 id
987 2478 1188 2538 quidem,
1221 2489 1267 2522 ut
1293 2489 1392 2522 ante
1413 2478 1525 2530 dixi,

165 2561 230 2605 vel
251 2563 432 2605 maxime
461 2579 467 2602 τ
490 2561 698 2621 ingeniosi
718 2561 832 2603 enim
859 2559 1050 2617 videtur,
1077 2562 1161 2604 vim
1182 2561 1298 2605 verbi
1324 2562 1364 2602 in
1385 2559 1500 2603 aliud
1516 2595 1524 2610 ‚

166 2652 294 2702 atque
323 2643 449 2686 ceteri
479 2642 713 2701 accipiant,
740 2658 862 2701 posse
896 2641 1077 2697 ducerc3
1098 2641 1169 2685 sed
1196 2641 1522 2684 admirationem
