1843 3166
677 190 821 224 LIBER
853 190 916 223 111.
1403 193 1470 231 241

123 277 452 334 possessionem,
472 274 545 318 sed
560 284 605 317 ut
629 291 679 317 ex
698 274 797 333 jure
819 272 954 325 civili,
981 270 1156 315 surculo
1173 271 1476 334 defringendo,

121 371 329 415 usurpare
356 355 597 398 videantur.
626 355 737 396 Nam
766 352 872 396 illud
896 352 1080 395 alterum
1097 368 1251 412 genus,
1272 355 1387 413 quod
1414 366 1480 399 est

122 436 412 495 temporibus,
439 434 541 477 locis
557 468 567 488 ,
593 434 674 476 reis
693 433 942 488 definitum,
959 433 1177 487 obtinent,
1200 443 1328 492 atque
1354 434 1395 477 id
1411 437 1478 494 ip·-

122 532 214 558 sum
235 515 399 559 lacinia.
425 515 554 558 Nunc
579 515 694 557 enim
711 513 826 573 apud
842 512 1092 567 Philonem,
1117 528 1247 572 quem
1268 514 1311 556 in
1333 513 1481 557 acade-

123 595 208 638 mia
234 595 416 638 maxime
443 595 590 653 vigere
620 592 768 647 audio,
797 593 924 636 etiarn
957 593 1113 636 harum
1133 593 1222 653 jam
1252 608 1481 636 causarum

123 675 312 735 cognitio
329 674 663 734 exercitatioque
677 671 930 716 celebratur.
952 671 1149 716 Alterum
1171 690 1270 716 vero
1290 682 1482 716 tantum-

123 753 252 797 modo
278 754 321 796 in
347 754 485 813 prima
506 762 595 796 arte
616 752 824 796 tradenda
848 754 1101 809 nominant,
1125 763 1168 796 et
1188 754 1370 797 oratoris
1395 770 1484 797 esse

125 832 295 888 dicunt3
320 832 393 876 sed
417 850 554 892 neque
570 833 681 885 vim,
708 849 848 892 neque
872 843 1070 876 naturam
1091 833 1206 892 ejus,
1225 850 1304 877 nec
1319 843 1482 894 partes,

127 929 206 956 nec
220 929 380 974 genera
401 922 674 972 proponunt,
689 922 736 956 ut
751 914 958 972 praeteriri
988 913 1167 956 omnino
1181 912 1311 956 fuerit
1334 914 1484 968 satius,

126 1009 259 1052 quam
282 1002 538 1036 attentatum
560 992 695 1036 deseri
721 1010 729 1035 :
760 1009 876 1036 nunc
904 993 1019 1035 enim
1048 993 1193 1053 inopia
1217 993 1396 1036 reticere
1418 994 1485 1036 in-

131 1071 405 1133 telliguntur3
432 1082 522 1116 tum
544 1072 708 1133 judicio
733 1072 994 1117 viderentur.

192 1155 355 1196 XXIX.
385 1154 539 1196 Omnis
562 1154 695 1214 igitur
722 1169 789 1196 res
813 1153 1006 1197 eamdem
1029 1154 1158 1197 habet
1182 1163 1380 1197 naturam
1403 1170 1487 1197 am-

129 1233 325 1294 bigendi,
354 1232 406 1276 de
429 1250 515 1292 qua
542 1234 675 1293 quaeri
702 1243 744 1277 et
769 1232 997 1293 disceptari
1021 1244 1180 1294 potest,
1209 1235 1297 1277 sive
1325 1235 1367 1276 in
1392 1234 1488 1277 infi-

130 1314 230 1356 nitis
248 1312 637 1357 consultationibus
658 1313 935 1372 disceptatur,
961 1314 1047 1356 sive
1071 1314 1115 1357 in
1140 1314 1190 1357 iis
1213 1314 1369 1368 causis,
1397 1329 1490 1372 quae

133 1395 177 1437 in
199 1395 394 1448 civitate,
415 1403 456 1437 et
483 1395 528 1436 in
556 1393 715 1436 forensi
739 1392 1051 1452 disceptatione
1079 1402 1329 1447 versantur3
1353 1409 1492 1452 neque

133 1483 196 1517 est
223 1473 331 1529 ulla,
356 1490 450 1533 quae
473 1490 561 1516 non
580 1482 655 1516 aut
673 1472 727 1516 ad
743 1459 1052 1532 cognoscendi,
1077 1472 1219 1516 autad
1233 1472 1388 1532 agendi
1404 1473 1490 1516 vim

135 1554 433 1613 rationemque
455 1553 679 1596 referatur.

196 1635 309 1677 Nam
323 1643 398 1677 aut
424 1635 516 1694 ipsa
535 1634 725 1693 cognitio
743 1634 805 1676 rei
829 1634 1093 1692 scientiaque
1115 1633 1398 1693 perquiritur,
1423 1643 1494 1686 ut,

136 1714 318 1757 «Virtus
346 1729 525 1756 suamne
544 1723 724 1772 propter
746 1712 1022 1772 dignitatem,
1049 1730 1103 1756 an
1130 1723 1308 1774 propter
1330 1713 1494 1756 fructus

137 1813 157 1833 c<
174 1791 341 1853 aliquos
377 1791 630 1852 expetatur?
650 1811 670 1832 >³
699 1802 773 1836 aut
801 1793 955 1853 agendi
983 1792 1212 1836 consilium
1238 1794 1494 1852 exquiritur,

140 1883 243 1929 ut,«
257 1874 376 1917 Sitne
398 1873 579 1933 sapienti
599 1872 856 1932 capessenda
874 1872 1175 1933 respublica9»

204 1953 476 2014 Cognitionis
508 1962 652 1995 autem
686 1962 773 1995 tres
802 1952 940 2007 modi,
980 1953 1251 2012 conjectura,
1278 1952 1497 2008 definitio,

141 2045 206 2089 et,
232 2043 281 2077 ut
300 2035 359 2078 ita
379 2033 538 2089 dicam,
563 2033 823 2076 consecutio.
859 2034 993 2088 Nam,
1026 2032 1130 2092 quid
1153 2034 1196 2075 in
1225 2049 1271 2076 re
1297 2034 1372 2088 sit,
1395 2049 1499 2077 con-

141 2115 305 2174 jectura
339 2114 566 2172 quaeritur,
602 2122 650 2156 ut
684 2111 814 2168 illud,
843 2113 1002 2156 «Sitne
1035 2113 1078 2155 in
1118 2112 1309 2156 humano
1344 2128 1501 2172 genere

143 2213 163 2233 «
178 2192 440 2253 sapientia?»
460 2193 603 2250 Quam
628 2201 769 2235 autem
788 2192 875 2234 vim
895 2208 1075 2251 quaeque
1099 2208 1164 2235 res
1192 2192 1368 2248 habeat,
1392 2191 1500 2235 defi-

146 2273 251 2315 nitio
285 2271 487 2331 explicat3
517 2282 585 2327 ut,
620 2274 654 2316 si
691 2281 929 2331 quaeratur,
962 2271 1106 2331 «quid
1141 2272 1196 2315 sit
1231 2271 1500 2332 sapientiaP»

146 2352 405 2397 Consecutio
427 2361 572 2394 autem
602 2361 828 2406 tractatur,
857 2367 1012 2410 quum,
1038 2351 1143 2411 quid
1169 2367 1385 2411 quamque
1411 2367 1501 2394 rem

147 2441 366 2491 sequatur,
393 2432 646 2490 inquiritur3
671 2441 718 2475 ut
745 2430 871 2485 illud,
892 2431 1045 2474 «Sitne
1069 2430 1302 2491 aliquando
1331 2430 1503 2473 mentiri

148 2511 282 2554 «boni
306 2511 448 2555 viri?»

211 2591 412 2635 Redeunt
446 2608 594 2634 rursus
620 2591 671 2634 ad
701 2593 1014 2651 conjecturam,
1046 2608 1227 2651 eamque
1252 2592 1293 2633 in
1319 2599 1506 2649 quatuor

342 2687 387 2714 11.
1265 2668 1317 2713 26
