1843 3166
729 234 872 269 LIBER
903 235 948 268 11.
1445 246 1456 268 1
1468 235 1508 268 81

158 327 274 374 sunt,
310 318 524 363 abducere
557 320 726 362 animos
763 335 785 362 a
819 318 1036 362 contraria
1068 316 1340 374 defensione,
1380 329 1422 362 et
1461 318 1512 361 ad

159 407 349 441 nostram
372 415 505 442 conor
527 397 767 442 traducere.

220 478 318 520 Duo
345 477 534 537 denique
560 477 653 535 illa,
692 495 787 539 quae
820 477 1024 523 facillima
1054 477 1272 533 videntur,
1309 479 1511 537 quoniam

157 572 249 614 quae
279 556 520 601 difficiliora
546 567 666 614 sunt,
700 575 789 603 non
808 574 1008 618 possum,
1050 557 1156 601 mihi
1188 573 1267 618 pro
1300 573 1396 600 meo
1418 557 1513 617 jure

155 652 290 679 sumo.

217 717 391 770 Unum,
431 727 479 761 ut
510 717 694 763 molesto
726 727 801 762 aut
827 717 994 763 difficili
1027 727 1284 780 argumento
1318 727 1392 761 aut
1420 716 1515 761 loco

154 811 468 856 nonnunquam
497 798 675 841 omnino
700 797 807 841 nihil
836 797 1152 859 respondeam:
1187 797 1304 858 quod
1335 797 1514 841 forsitan

154 873 308 934 aliquis
329 877 429 936 jure
454 878 662 934 irriserit3
694 878 789 937 quis
817 879 931 921 enim
959 887 1041 933 est,
1077 878 1151 938 qui
1186 876 1230 920 id
1263 877 1402 921 facere
1428 893 1514 920 non

153 955 319 1015 possit?
353 956 427 999 sed
448 966 590 1000 tamen
612 973 692 1018 ego
714 957 767 1001 de
788 974 883 1001 mea
904 974 1043 1013 nunc,
1074 974 1162 1000 non
1183 956 1236 1000 de
1257 956 1442 1000 aliorum
1460 956 1516 999 fa-

153 1034 312 1078 cultate
339 1035 536 1096 disputo,
564 1038 860 1098 confiteorque
882 1055 972 1093 me,
995 1039 1029 1082 si
1051 1055 1146 1098 quae
1170 1047 1337 1099 premat
1359 1054 1425 1081 res
1449 1052 1515 1079 ve-

152 1115 414 1172 hementius,
443 1118 501 1160 ita
522 1117 673 1161 cedere
692 1117 849 1175 solere,
881 1129 928 1162 ut
949 1135 1037 1162 non
1059 1119 1189 1162 modo
1214 1134 1302 1161 non
1323 1117 1513 1176 objecto,

154 1195 227 1239 sed
246 1212 300 1238 ne
321 1197 482 1256 rejecto
505 1197 681 1256 quidem
702 1207 825 1241 scuto
843 1198 992 1258 fugere
1012 1197 1187 1253 videar3
1214 1197 1288 1240 sed
1311 1196 1516 1239 adhibere

152 1276 386 1335 quamdam
413 1278 458 1319 in
481 1277 666 1320 dicendo
691 1278 877 1337 speciem
902 1288 1032 1337 atque
1052 1293 1278 1336 pompam,
1302 1286 1343 1319 ct
1359 1292 1515 1336 pugnae
1543 1291 1549 1297 ·

153 1355 335 1400 similem
358 1356 530 1417 fugam3
560 1358 795 1401 consistere
820 1373 923 1401 vero
951 1359 996 1400 in
1024 1372 1119 1400 meo
1141 1355 1343 1416 praesidio
1363 1356 1442 1410 sic,
1468 1365 1516 1398 ut

151 1452 240 1479 non
277 1436 469 1496 fugiendi
505 1437 670 1489 hostis,
709 1436 784 1479 sed
819 1435 1018 1496 capiendi
1056 1435 1140 1479 loci
1180 1451 1308 1479 causa
1342 1436 1516 1480 cessisse

151 1515 309 1559 videar.

214 1594 412 1640 Alterum
441 1607 505 1640 est
535 1596 664 1653 illud,
702 1597 819 1656 quod
849 1613 928 1657 ego
961 1599 1123 1639 oratori
1148 1597 1334 1639 maxime
1361 1611 1515 1638 caven-

151 1676 253 1720 dum
298 1686 340 1720 et
379 1676 695 1737 providendum
743 1686 870 1737 puto,
925 1676 1130 1736 quodque
1173 1692 1241 1718 me
1284 1673 1515 1718 sollicitare

151 1772 319 1799 summe
341 1755 450 1799 solet
470 1773 478 1799 :
503 1766 690 1799 nontam
710 1767 756 1800 ut
776 1757 938 1817 prosim
959 1757 1120 1812 causis,
1140 1755 1363 1799 elaborare
1383 1753 1513 1805 soleo,

150 1852 281 1895 quam
303 1846 350 1880 ut
370 1853 423 1880 ne
440 1837 545 1896 quid
560 1837 699 1880 obsim
722 1854 730 1880 :
760 1854 848 1881 non
865 1838 968 1897 quin
990 1835 1244 1880 enitendum
1265 1835 1380 1879 sitin
1403 1843 1515 1877 utro·

150 1932 261 1975 que3
289 1915 363 1958 sed
387 1925 532 1959 tamen
558 1915 695 1959 multo
724 1926 789 1960 est
815 1918 986 1977 turpius
1010 1915 1199 1970 oratori,
1230 1914 1429 1958 nocuisse
1454 1913 1514 1955 vi-

149 1994 242 2038 deri
269 2011 426 2051 causae,
452 2012 582 2055 quam
608 2013 696 2039 non
719 1996 945 2057 profuisse.

212 2077 411 2120 LXXIII.
449 2076 531 2120 Sed
560 2077 665 2136 quid
693 2077 777 2120 hoc
804 2076 900 2121 loco
934 2094 1010 2120 vos
1048 2078 1163 2120 inter
1195 2092 1292 2130 VOS,
1333 2072 1516 2119 Catule?

151 2171 207 2198 an
226 2154 336 2211 haec,
358 2165 406 2199 ut
425 2166 526 2200 sunt
545 2157 883 2211 contemnenda,
909 2155 1218 2201 contemnitis?
1237 2182 1299 2188 —
1312 2153 1517 2209 Minime,

151 2234 294 2294 inquit
314 2232 410 2290 ille3
436 2235 510 2278 sed
533 2238 677 2280 Caesar
702 2235 756 2278 de
786 2237 868 2279 isto
893 2237 986 2296 ipso
1008 2236 1216 2296 quiddam
1239 2232 1347 2277 velle
1374 2232 1517 2276 dicere

151 2314 392 2358 videbatur.
406 2317 553 2359 —-Me
573 2332 678 2359 vero
699 2315 893 2370 lubente,
913 2316 1054 2376 inquit
1078 2316 1314 2371 Antonius,
1339 2312 1516 2368 dixerit,

151 2394 240 2438 sive
259 2393 482 2438 refellendi
503 2412 633 2441 causa
646 2430 657 2450 ‚
687 2398 776 2440 sive
796 2396 1030 2456 quaerendi.

212 2502 272 2507 —
289 2476 403 2518 Tum
422 2473 582 2532 Julius,
601 2479 694 2537 Ego
714 2476 982 2532 mehercule,
1002 2478 1169 2537 inquit,
1191 2475 1376 2527 Antoni,
1401 2489 1515 2517 sem-

151 2571 226 2614 per
248 2555 282 2598 is
306 2554 392 2611 sui,
417 2557 491 2615 qui
512 2556 565 2600 de
586 2567 647 2612 te,
671 2568 866 2614 oratore,
895 2558 954 2601 sic
981 2557 1281 2618 praedicarem,
1312 2569 1447 2597 unuln
1474 2562 1514 2594 te

152 2635 195 2677 in
227 2634 412 2680 (licendo
435 2637 540 2680 mihi
574 2637 707 2681 videri
744 2639 1052 2683 tectissimum.
1088 2639 1399 2693 propriumque
1433 2632 1514 2674 hoc
