1843 3166
292 220 304 241 1
314 208 334 242 8
341 216 360 238 2
803 212 866 246 DE
893 211 1097 245 ORATOR
1104 208 1133 242 E

287 307 376 336 esse
402 292 542 338 laudis
569 304 673 349 luae,
703 295 808 339 nihil
843 314 866 339 a
899 306 939 339 te
964 313 1156 355 unquam
1187 312 1278 339 0550
1310 294 1502 349 dietum,
1531 297 1647 356 quod

285 372 454 417 obesset
474 375 510 417 ei
525 408 536 430 ‚
561 392 639 435 pro
658 392 744 435 quo
760 375 936 419 diceres.
959 375 1097 436 quue
1120 376 1328 419 memoria
1350 385 1495 431 teneo,
1515 393 1648 435 quum

285 453 391 497 mihi
420 470 560 498 sermo
589 472 686 499 cum
723 456 803 499 1100
833 457 926 516 ipso
956 458 1131 512 Crasso,
1170 455 1318 499 multis
1347 454 1647 513 audientibus,

283 544 394 578 esset
423 535 477 579 de
502 546 544 580 te
576 537 821 594 institutus,
858 540 1126 597 Crassusque
1158 536 1356 597 plurimis
1389 536 1531 581 verbis
1560 536 1650 580 elo-

283 616 505 674 quentiam
537 616 732 661 laudaret
765 628 906 673 tuam,
933 618 1090 661 dixisse
1115 635 1206 674 1110,
1244 635 1342 660 cum
1373 619 1527 661 ceteris
1563 619 1649 661 tuis

283 694 483 739 laudibus
504 697 617 742 hauc
637 714 728 742 esse
743 698 809 741 vel
826 699 1056 742 maximam
1070 733 1080 753 ‚
1100 698 1218 757 quod
1239 715 1326 740 non
1347 697 1509 753 solum,
1530 699 1648 758 quod

283 792 392 835 opus
416 787 549 834 esset,
585 779 768 834 diceres,
808 779 883 822 sed
910 780 1064 834 etiam,
1102 779 1220 838 quod
1254 794 1340 821 11011
1374 795 1483 840 opus
1518 789 1648 835 esset,

283 873 370 900 non
395 858 573 903 diceres.

344 939 456 981 Tum
494 937 616 982 illum
654 940 760 983 mihi
804 941 1067 1001 respondere
1101 941 1302 996 memini,
1345 950 1487 984 cetera
1523 942 1567 984 in
1607 951 1648 984 te

282 1034 451 1061 summe
476 1035 568 1063 esse
589 1019 831 1077 laudanda3
865 1020 971 1064 illud
1001 1038 1104 1064 vero
1133 1021 1320 1081 improbi
1345 1037 1434 1064 esse
1459 1022 1647 1064 hominis

281 1106 324 1139 et
347 1097 588 1157 perfidiosi,
619 1099 761 1142 dicere
786 1099 904 1159 quod
930 1099 1119 1143 alienum
1143 1109 1274 1155 esset,
1315 1110 1358 1143 et
1384 1110 1561 1144 noceret
1584 1101 1648 1153 ei,

281 1194 360 1237 pro
395 1195 483 1237 quo
518 1180 614 1239 quis
649 1179 840 1224 diceret:
884 1198 1019 1241 quare
1052 1197 1139 1224 non
1171 1181 1251 1224 sibi
1286 1198 1384 1224 eum
1417 1181 1648 1239 disertum,

280 1258 355 1317 qui
380 1258 423 1301 id
451 1275 539 1303 non
569 1259 749 1316 faceret,
776 1261 941 1318 videri,
975 1261 1049 1305 sed
1075 1261 1349 1321 improbum,
1376 1264 1450 1322 qui
1475 1262 1645 1307 faceret.

282 1340 434 1393 Nune,
461 1341 494 1382 si
520 1340 599 1383 tibi
620 1340 807 1396 videtur,
832 1343 1023 1395 Antoni,
1051 1342 1322 1386 demonstres
1342 1342 1492 1400 velim,
1514 1360 1649 1404 quare

282 1428 329 1461 tu
354 1418 435 1462 1100
460 1420 519 1462 ita
540 1437 747 1480 magnum
770 1430 920 1481 putes,
946 1420 1054 1464 nihil
1077 1422 1121 1464 in
1143 1438 1272 1465 causa
1292 1422 1394 1466 mali
1418 1424 1577 1480 facere,
1601 1434 1649 1467 ut

282 1498 390 1542 nihil
422 1501 498 1543 tibi
528 1502 570 1544 in
593 1510 766 1544 oratore
790 1502 929 1560 majus
957 1518 1049 1545 esse
1070 1501 1281 1545 videatur.

344 1581 789 1624 LXXIV—Dicam
819 1582 1045 1640 equidem,
1073 1584 1231 1637 Caesar,
1260 1584 1423 1644 inquit,
1453 1585 1557 1644 quid
1585 1588 1648 1629 in-

280 1660 472 1722 telligam
493 1678 501 1703 :
533 1661 608 1705 sed
631 1671 673 1705 et
694 1671 766 1717 tu,
796 1671 838 1704 et
859 1678 934 1704 vos
955 1678 1105 1705 omnes
1129 1662 1233 1718 1100,
1263 1664 1427 1724 inquit,
1457 1682 1648 1710 memen-

280 1752 394 1797 tote,
422 1760 511 1786 non
532 1759 602 1786 me
627 1744 680 1786 de
704 1743 884 1803 perfecti
905 1744 1092 1786 oratoris
1116 1743 1342 1788 divinitate
1367 1746 1557 1805 quadam
1580 1746 1645 1791 lo-

279 1825 382 1884 qui,
406 1824 481 1868 sed
503 1824 557 1867 de
581 1824 902 1867 exercitationis
932 1833 974 1866 et
1000 1824 1326 1867 consuetudinis
1352 1841 1456 1869 meae
1479 1827 1645 1871 medio-

279 1906 444 1949 critate.
477 1907 620 1949 Crassi
647 1905 822 1965 quidem
854 1921 1115 1965 responsum
1141 1903 1388 1949 excellentis
1421 1907 1643 1966 cujusdam

279 1995 343 2029 est
373 1988 537 2048 ingenii
564 2004 612 2031 ac
645 1986 909 2048 singularis:
949 1987 1019 2030 cui
1048 1985 1255 2045 quiddam
1285 1988 1477 2046 portenti
1507 1987 1645 2032 simile

278 2083 368 2111 esse
399 2069 538 2111 visum
565 2078 656 2122 est,
695 2084 820 2128 posse
847 2067 1033 2127 aliquem
1068 2067 1253 2110 inveniri
1289 2077 1535 2125 oratorem,
1570 2070 1644 2129 qui

278 2146 444 2207 aliquid
474 2147 574 2191 mali
604 2148 763 2192 faceret
791 2147 999 2204 dicendo,
1029 2147 1283 2208 obessetque
1305 2148 1371 2205 ei,
1409 2165 1538 2209 quem
1567 2150 1643 2193 de-

279 2228 488 2272 fenderet.

341 2311 462 2353 Facit
481 2311 597 2353 enim
621 2310 674 2354 de
694 2327 739 2354 se
759 2311 1080 2371 conjecturam3
1108 2313 1232 2371 cujus
1255 2319 1374 2354 tanta
1393 2311 1456 2353 vis
1481 2312 1642 2371 ingenii

277 2399 357 2445 est,
388 2399 435 2433 ut
460 2391 698 2447 neminem,
739 2393 820 2436 nisi
850 2391 1073 2447 consulto,
1108 2401 1251 2452 putet,
1276 2391 1394 2451 quod
1418 2401 1570 2435 contra
1598 2410 1642 2436 se

277 2471 419 2530 ipsum
443 2472 513 2525 sit,
539 2471 679 2516 dicere
703 2473 795 2534 (sed
826 2491 906 2534 ego
938 2491 1025 2517 non
1058 2473 1111 2516 de
1138 2474 1358 2534 praestanti
1389 2472 1575 2532 quadam
1600 2483 1643 2517 et

276 2552 452 2608 eximia,
481 2551 555 2595 sed
576 2569 710 2613 prope
733 2554 786 2598 de
807 2554 975 2615 vulgari
999 2564 1041 2598 et
1063 2555 1284 2598 communi
1306 2553 1537 2614 prudentia
1555 2553 1641 2597 dis-

275 2631 400 2691 puto)
423 2650 431 2675 z
465 2643 509 2676 ut
527 2633 643 2693 apud
660 2635 836 2678 Graecos
851 2637 992 2679 fertur
1008 2634 1249 2678 incredibili
1269 2634 1454 2694 quadam
1478 2635 1640 2694 magni-
