1843 3166
678 243 819 276 LIBER
850 241 914 275 111.
1396 237 1466 281 245

124 345 218 371 nem
243 337 425 371 teramus
459 329 500 369 in
536 326 598 367 liis
627 324 838 368 discendis
874 325 1000 366 rebus
1026 333 1210 378 aetatem3
1233 323 1303 365 sed
1332 340 1464 382 quum

125 408 260 450 fontes
283 406 536 459 viderimus,
562 421 670 463 quos
692 405 772 446 nisi
795 405 867 462 qui
899 403 1091 446 celeriter
1110 405 1327 461 cognorit,
1355 420 1466 445 nun-

123 503 250 544 quam
269 494 497 545 cognoscet
513 484 712 538 omnino,
733 493 821 526 tum
834 517 844 535 ‚
859 484 1211 542 quotiescumque
1237 497 1345 540 opus
1368 483 1469 537 erit,

125 582 174 608 ex
196 567 243 608 iis
266 562 688 622 ta11tun1,'quantun1
715 579 779 605 res
806 571 942 621 petet,
963 562 1222 604 hauriamus.

186 646 297 687 Nam
319 658 456 701 neque
478 652 561 685 tam
585 651 649 685 est
669 642 778 684 acris
803 643 911 684 acies
940 643 981 683 in
1005 640 1169 684 naturis
1189 640 1413 683 hominum
1431 650 1472 683 et

126 722 325 781 ingeniis,
355 730 401 764 ut
427 738 493 764 res
511 730 648 763 tantas
663 721 908 779 quisquam,
931 720 1011 762 nisi
1038 728 1321 774 monstratas,
1338 720 1471 779 possit

125 801 290 856 videre3
322 817 458 860 neque
492 810 611 843 tanta
641 810 783 843 tamen
809 801 850 842 in
886 800 1014 843 rebus
1047 800 1308 855 obscuritas,
1335 808 1380 842 ut
1405 815 1472 842 eas

128 897 213 924 non
235 882 406 940 penitus
427 881 512 923 acri
538 881 603 923 vir
632 881 803 940 ingenio
822 889 988 930 cernat,
1010 880 1043 922 si
1066 878 1194 921 modo
1220 878 1471 938 adspexerit.

131 963 176 1003 ln
206 961 286 1003 lioc
310 961 440 1019 igitur
465 969 604 1015 tanto,
632 970 717 1002 tam
752 960 1046 1018 immensoque
1069 975 1222 1018 campo
1239 993 1250 1015 ‚
1273 975 1407 1018 quum
1426 958 1475 1001 li-

128 1050 218 1083 ceat
245 1040 405 1082 oratori
424 1040 566 1099 vagari
592 1038 743 1093 libere,
759 1048 910 1098 atque,
935 1038 1195 1097 ubicumque
1215 1039 1475 1092 constiterit,

129 1121 358 1162 consistere
384 1121 426 1161 in
455 1136 554 1175 suo,
583 1119 701 1162 facile
715 1118 959 1178 suppeditat
982 1119 1121 1162 omnis
1146 1128 1377 1178 apparatus
1404 1135 1474 1162 or-

129 1210 338 1258 natusque
357 1198 540 1242 dicendi.

180 1277 352 1322 ”Rerum
370 1281 481 1322 enim
497 1282 619 1340 copia
645 1281 875 1324 verborum
903 1281 1069 1341 copiam
1097 1281 1256 1341 gignit3
1280 1289 1347 1335 et,
1368 1281 1401 1323 si
1417 1289 1477 1323 est

132 1359 328 1401 honestas
357 1359 397 1400 in
425 1359 549 1402 rebus
571 1360 690 1419 ipsis,
713 1360 765 1402 de
787 1360 942 1419 quibus
965 1360 1137 1413 dicitur,
1161 1359 1323 1402 exsistit
1349 1375 1402 1401 ex
1419 1359 1478 1401 rei

134 1447 285 1481 natura
306 1438 477 1497 quidam
501 1437 705 1498 splendor
725 1440 767 1481 in
785 1440 936 1482 verbis.
960 1440 1025 1482 Sit
1044 1438 1174 1482 modo
1196 1440 1249 1492 is,
1275 1439 1347 1497 qui
1369 1438 1482 1482 dicet

133 1527 206 1560 aut
227 1518 401 1572 scribet,
417 1519 638 1561 institutus
667 1518 900 1562 liberaliter
920 1518 1173 1562 educatione
1201 1518 1482 1576 doctrinaque

133 1596 305 1655 puerili,
321 1607 361 1639 et
376 1596 525 1656 flagret
544 1597 706 1651 studio,
732 1607 772 1639 et
787 1613 809 1640 a
827 1607 978 1639 natura
999 1597 1241 1656 adjuvetur,
1264 1607 1305 1639 et
1326 1597 1368 1639 in
1386 1598 1482 1639 uni·

135 1691 352 1718 versorum
378 1692 582 1734 generum
605 1675 783 1717 infinitis
804 1675 1185 1735 disceptationibus
1205 1677 1483 1729 exercitatu83

134 1756 426 1796 ornatissimos
465 1756 692 1812 scriptores
730 1763 1007 1811 oratoresque
1044 1753 1097 1796 ad
1138 1755 1483 1814 cognoscendum

138 1833 477 1891 imitandumque
500 1830 731 1892 delegerit:
760 1848 822 1874 nae
845 1830 912 1874 ille
933 1831 1049 1874 haud
1071 1849 1190 1888 sane,
1209 1833 1486 1892 quemadmo-

136 1913 237 1955 dum
264 1913 389 1955 verba
414 1921 550 1954 struat
565 1921 604 1954 et
631 1910 860 1964 illuminet,
883 1927 906 1954 a
927 1913 1139 1972 magistris
1163 1913 1253 1956 istis
1276 1915 1484 1972 requiret:

140 1994 195 2035 ita
222 1991 342 2035 facile
370 1993 411 2034 in
444 2008 585 2034 rerum
621 1991 885 2034 abundantia
921 1992 973 2034 ad
1002 1993 1207 2036 orationis
1235 1983 1486 2037 ornamenta

140 2072 229 2114 sine
258 2071 384 2124 duce,
407 2081 561 2114 natura
579 2073 686 2130 ipsa,
716 2071 749 2113 si
770 2070 899 2114 modo
917 2081 979 2114 est
995 2073 1244 2127 exercitata,
1267 2072 1444 2117 labetur.
1486 2098 1494 2111 =

204 2152 385 2193 XXXII.
400 2176 461 2181 —
476 2150 556 2194 Hic
569 2149 768 2206 Catulus,
795 2149 854 2192 dii
876 2149 1161 2194 immortales!
1185 2153 1342 2212 inquit,
1358 2169 1490 2212 quan-

145 2241 226 2271 tam
252 2245 394 2271 rerum
425 2231 694 2284 varietatem,
716 2239 920 2288 quantam
946 2232 1052 2284 vim,
1070 2241 1277 2289 quantam
1300 2233 1488 2292 copiam,

145 2312 315 2363 Crasse,
338 2308 584 2368 complexus
604 2326 671 2364 es,
697 2310 952 2368 quantisque
976 2326 1025 2352 ex
1043 2312 1250 2370 angustiis
1276 2313 1487 2355 oratorem

145 2389 322 2432 educere
340 2405 466 2431 ausus
481 2405 544 2443 es,
558 2399 601 2432 et
620 2392 662 2432 in
681 2391 893 2449 majorum
914 2406 1088 2433 suorum
1104 2408 1237 2451 regno
1257 2390 1489 2435 collocare!

146 2470 343 2527 Namque
368 2467 459 2510 illos
484 2478 646 2512 veteres
674 2469 869 2512 doctores
900 2479 1179 2529 auctoresque
1202 2470 1368 2513 dicendi
1399 2469 1493 2512 nul-

150 2548 237 2591 lum
260 2563 390 2606 genus
408 2547 710 2607 disputationis
732 2565 754 2591 a
774 2565 816 2592 se
837 2548 1022 2593 alienum
1044 2560 1213 2610 putasse
1230 2552 1492 2610 accepimus,

151 2643 398 2686 semperque
421 2642 508 2669 esse
535 2628 575 2669 in
607 2629 723 2670 omui
753 2629 957 2673 orationis
983 2631 1146 2673 ratione
1172 2640 1371 2673 versatos.
