1843 3166
146 186 743 203 WQMQMRSWWM'EUWUW
746 191 984 203 mmmm
988 191 1161 203 ὶῖνλινννιπὶιι
1165 191 1284 203 ἱωιὶίνὶ
1288 189 1479 203 mmm

512 380 728 434 LIBER
777 382 1114 436 TERTIUS.

142 822 176 863 Ι.
194 785 499 866 INSTITUENTI
522 822 644 878 mihi,
671 822 835 878 Quinte
858 822 1001 878 frater,
1034 839 1130 865 eum
1159 838 1395 866 sermonem
1417 840 1482 866 re-

145 900 277 957 ferre,
305 911 346 944 et
368 900 570 944 mandare
592 901 691 944 huic
722 901 848 943 tertio
874 899 1002 955 libro,
1028 917 1154 960 quem
1186 912 1279 962 post
1302 903 1477 946 Antonii

146 980 476 1040 disputationem
496 982 672 1025 Crassus
691 981 926 1036 habuisset,
946 982 1096 1024 acerba
1122 997 1221 1024 sane
1245 982 1480 1025 recordatio

148 1070 331 1104 veterem
357 1061 486 1104 animi
512 1076 656 1104 curam
681 1060 1003 1120 molestiamque
1030 1061 1262 1104 renovavit.
1295 1063 1406 1105 Nam
1432 1060 1479 1103 il-

145 1141 220 1184 lud
244 1140 563 1184 immortalitate
584 1140 761 1200 dignum
782 1141 1020 1200 ingenium,
1041 1139 1112 1183 illa
1126 1141 1386 1195 humanitas,
1410 1140 1481 1183 illa

144 1221 281 1263 virtus
306 1222 355 1263 L.
383 1220 546 1272 Crassi,
570 1229 708 1262 morte
731 1220 936 1262 exstincta
967 1219 1107 1262 subita
1132 1229 1212 1274 est,
1238 1220 1309 1262 vix
1333 1219 1481 1262 diebus

148 1299 292 1342 decem
316 1308 412 1359 post
434 1314 532 1341 eum
558 1297 687 1354 diem,
716 1298 788 1357 qui
807 1298 888 1341 hoc
914 1307 956 1340 et
978 1299 1196 1357 superiore
1219 1296 1327 1341 libro
1353 1299 1483 1340 conti-

145 1389 281 1422 netur.

209 1462 269 1504 Ut
291 1461 406 1503 enim
428 1463 610 1504 Romam
638 1458 761 1503 rediit
786 1470 976 1503 extremo
999 1459 1264 1503 scenicorum
1287 1456 1484 1500 ludorum

147 1538 238 1593 die,
262 1539 539 1583 vehementer
571 1549 810 1582 commotus
836 1555 885 1582 ea
910 1540 1123 1594 oratione,
1152 1553 1245 1597 quae
1271 1536 1483 1579 ferebatur

146 1618 291 1661 habita
317 1634 407 1661 esse
438 1619 482 1661 in
514 1619 719 1662 concione
744 1635 768 1660 a
789 1617 1008 1677 Philippo;
1040 1633 1168 1676 quem
1200 1616 1353 1658 dixisse
1383 1631 1484 1657 con-

146 1699 302 1752 stabat,
325 1697 557 1740 videndum
577 1698 655 1740 sibi
676 1695 792 1739 aliud
813 1712 901 1739 esse
920 1695 1161 1748 consilium,
1184 1693 1256 1737 illo
1278 1703 1421 1737 senatu
1445 1709 1485 1735 se

148 1776 454 1837 rempublicam
471 1793 616 1837 gerere
636 1793 722 1819 non
740 1792 861 1835 posse
881 1793 890 1818 :
917 1792 1041 1819 mane
1063 1775 1201 1818 idibus
1216 1773 1483 1833 septembriS,

145 1866 187 1899 et
209 1855 299 1912 ille,
314 1866 355 1899 et
373 1866 542 1900 senatus
565 1855 760 1915 frequens
775 1864 928 1898 vocatu
948 1855 1078 1898 Drusi
1104 1855 1148 1896 in
1167 1854 1327 1896 curiam
1349 1851 1480 1894 venit.

147 1936 211 1979 Ibi
237 1952 370 1996 quum
392 1938 558 1979 Drusus
581 1934 715 1978 multa
743 1934 793 1977 de
814 1933 1014 1993 Philippo
1031 1942 1206 1992 questus
1224 1940 1351 1985 esset,
1373 1939 1482 1972 retu-

147 2013 197 2058 lit
228 2015 282 2058 ad
310 2025 504 2058 senatum
533 2014 584 2056 de
613 2012 686 2057 illo
713 2014 828 2072 ipso,
858 2012 974 2072 quod
996 2010 1144 2055 consul
1176 2012 1220 2053 in
1248 2026 1344 2053 eum
1370 2008 1482 2052 ordi-

149 2109 246 2136 nem
274 2103 362 2136 tam
397 2093 583 2153 graviter
618 2094 661 2135 in
690 2092 894 2135 concione
929 2101 1035 2134 esset
1066 2092 1270 2133 invectus.
1303 2089 1403 2144 Hic,
1435 2097 1481 2130 ut

148 2188 255 2231 saepe
286 2172 396 2214 inter
418 2172 611 2214 homines
636 2171 965 2230 sapientissimos
994 2178 1188 2212 constare
1218 2167 1327 2223 vidi,
1352 2183 1483 2225 quan-

147 2267 277 2311 quam
296 2251 378 2294 hoc
399 2253 571 2306 Crasso,
593 2267 726 2311 quum
741 2249 903 2309 aliquid
919 2249 1157 2292 accuratius
1173 2247 1364 2301 dixisset,
1383 2261 1483 2288 sem-

149 2346 225 2390 per
249 2330 335 2373 fere
359 2330 624 2390 contigisset,
647 2340 694 2374 ut
718 2344 939 2388 nunquam
963 2327 1117 2370 dixisse
1143 2325 1292 2369 melius
1315 2334 1483 2385 putare-

148 2419 234 2465 tur,
264 2419 404 2452 tamen
437 2410 628 2452 omnium
663 2423 872 2451 consensu
907 2407 966 2449 sic
999 2421 1086 2449 esse
1122 2415 1214 2448 tum
1245 2403 1481 2463 judicatum

150 2487 407 2539 audivimus,
437 2497 597 2530 ceteros
620 2503 645 2530 a
671 2488 824 2531 Crasso
855 2501 1020 2544 semper
1051 2500 1216 2538 omnes,
1240 2481 1312 2525 illo
1340 2491 1480 2524 autem

151 2567 218 2609 die
239 2568 369 2610 etiam
391 2568 529 2626 ipsum
557 2583 581 2608 a
600 2581 688 2609 sese
707 2574 965 2624 superatum.
