1843 3166
325 203 370 245 [Ιό
842 204 900 236 DF
928 204 1163 237 ORATORE

325 287 451 329 verba
492 287 723 341 imitando,
761 304 854 347 quse
894 304 1002 330 nova
1050 287 1205 330 nostris
1236 296 1402 341 essent,
1447 285 1684 329 dummodo

324 375 465 409 essent
491 365 659 410 idonea.

385 449 478 490 Jam
511 446 650 503 vocis,
691 457 732 490 et
758 448 958 507 spiritus,
991 457 1031 490 ct
1061 448 1191 490 totius
1223 447 1443 507 corporis,
1475 455 1518 488 ct
1552 445 1685 505 ipsius

326 526 482 587 linguae
509 537 652 570 motus
679 537 720 570 et
738 528 1085 583 exercitationes,
1120 544 1207 570 non
1230 537 1318 570 tam
1347 527 1450 569 artis
1472 525 1686 586 indigent,

323 625 453 667 quain
477 607 659 664 laboris3
678 609 835 668 quibus
864 609 906 651 in
925 608 1052 651 rebus
1072 607 1269 651 habenda
1290 617 1355 650 cst
1374 607 1485 650 ratio
1505 606 1686 667 diligen-

328 698 406 744 ter,
433 706 541 748 quos
578 690 817 744 imitemur,
850 706 1036 749 quorum
1066 687 1224 732 similes
1260 687 1443 731 velimus
1478 703 1579 731 esse.
1614 690 1685 730 In-

328 769 474 812 tuendi
493 770 615 812 nobis
636 779 737 813 sunt
751 786 838 812 non
863 768 1002 813 solum
1021 779 1212 813 oratores
1227 803 1237 823 ,
1259 768 1332 811 sed
1352 768 1481 811 ctiam
1499 778 1664 811 actores
1677 802 1688 819 ,

327 864 382 891 ne
414 848 523 892 mala
550 850 863 893 consuetudine
895 849 948 893 ad
975 849 1164 910 aliquam
1195 848 1512 892 deformitatem
1543 848 1685 908 pravi-

326 937 542 989 tatemque
562 931 796 973 veniamus.

389 1010 641 1053 Exercenda
666 1020 731 1053 est
752 1011 879 1053 ctiam
905 1011 1137 1064 memoria,
1160 1010 1398 1053 ediscendis
1428 1009 1481 1052 ad
1508 1009 1687 1052 verbum

325 1106 455 1148 quam
478 1088 674 1149 plurimis
700 1100 742 1133 et
767 1091 924 1133 nostris
953 1091 1123 1149 scriptis
1156 1100 1198 1133 et
1217 1089 1380 1133 alienis.
1404 1091 1549 1148 Atque
1570 1089 1613 1132 in
1640 1105 1688 1131 ea

327 1171 632 1214 exercitatione
660 1188 746 1214 non
779 1187 879 1214 sane
904 1171 1012 1214 mihi
1037 1169 1233 1231 displicet
1258 1170 1462 1214 adhibere
1480 1206 1491 1226 ,
1522 1170 1556 1213 si
1585 1186 1689 1213 con-

328 1251 483 1307 sueris,
512 1253 642 1296 etiam
664 1253 790 1296 istam
810 1251 1005 1295 locorum
1023 1250 1441 1311 simulacrorumque
1458 1252 1691 1304 rationem,

327 1349 421 1393 quae
447 1332 491 1376 in
513 1341 605 1376 arte
631 1333 830 1376 traditur.

389 1412 626 1457 Educenda
651 1412 805 1457 deinde
825 1412 956 1457 dictio
971 1423 1035 1457 est
1063 1430 1114 1457 ex
1134 1414 1213 1457 hac
1239 1413 1471 1457 domestica
1491 1414 1694 1457 exercita-

331 1494 448 1537 tione
473 1504 515 1537 et
542 1493 786 1551 umbratili,
812 1494 1002 1537 medium
1029 1495 1073 1538 in
1103 1511 1282 1555 agmen,
1309 1495 1352 1538 in
1379 1494 1620 1555 pulverem,
1650 1495 1692 1536 in

329 1573 583 1629 clamorem,
610 1575 652 1617 in
676 1584 834 1631 castra,
861 1585 988 1635 atque
1015 1576 1058 1618 in
1079 1576 1214 1620 aciem
1239 1576 1466 1619 forensem.
1491 1575 1691 1619 Suheun-

329 1654 411 1698 dus
455 1670 557 1697 usus
603 1655 824 1709 omnium,
861 1665 903 1698 et
940 1655 1235 1715 periclitandae
1275 1657 1385 1699 vires
1420 1656 1615 1717 ingenii,
1652 1664 1694 1698 et

330 1733 403 1778 illa
437 1737 744 1779 commentatio
777 1734 945 1779 inclusa
975 1737 1018 1780 in
1055 1737 1248 1780 veritatis
1275 1736 1415 1780 lucem
1437 1735 1692 1797 proferenda

330 1826 407 1860 est.

392 1896 584 1956 Legendi
605 1897 733 1940 etiam
763 1907 919 1957 poetae,
941 1897 1239 1958 cognoscenda
1272 1898 1474 1952 historia,
1496 1898 1691 1941 omnium

329 1977 542 2020 bonarum
578 1978 738 2020 artium
777 1979 1008 2038 scriptores
1042 1995 1092 2021 ac
1129 1978 1326 2022 doctores
1359 1987 1400 2021 et
1434 1977 1623 2038 legendi,
1652 1987 1694 2021 et

329 2056 655 2117 pervolutandi,
680 2067 722 2101 et
745 2059 1066 2101 exercitationis
1089 2075 1219 2102 causa
1236 2057 1466 2113 laudandi,
1484 2059 1691 2118 interpre-

331 2137 470 2191 tandi,
493 2137 760 2198 corrigendi,
782 2138 1082 2197 vituperandi,
1100 2137 1345 2192 refellendi3
1362 2137 1694 2198 disputandum·

333 2234 417 2278 que
443 2217 496 2262 de
525 2218 644 2262 omni
669 2234 715 2261 re
741 2218 784 2261 in
809 2219 1047 2262 contrarias
1069 2229 1235 2278 partes,
1258 2229 1300 2262 et
1319 2218 1533 2278 quidquid
1551 2218 1632 2261 erit
1649 2218 1692 2260 in

331 2315 501 2358 quaque
518 2315 584 2353 re,
600 2298 717 2358 quod
734 2297 958 2359 probabile
972 2298 1109 2343 videri
1122 2300 1273 2360 possit,
1289 2298 1548 2342 eliciendum
1564 2308 1693 2358 atque

332 2378 579 2422 dicendum.

307 2470 339 2480 Μ·
398 2457 731 2501 Perdiscendum
756 2459 826 2518 jus
855 2458 1003 2513 civile,
1036 2459 1348 2519 cognoscendae
1379 2459 1515 2520 leges,
1554 2459 1694 2519 perci-

332 2537 489 2598 pienda
524 2539 662 2580 omnis
697 2540 953 2598 antiquitas,
988 2541 1203 2583 senatoria
1235 2540 1528 2595 consuetudo,
1568 2540 1694 2582 disci-

334 2617 453 2679 plina
469 2616 734 2677 reipublicae,
747 2619 845 2678 jura
860 2621 1095 2674 sociorum,
1115 2620 1293 2675 foedera,
1310 2621 1550 2679 pactiones,
1566 2635 1694 2662 causa
