1843 3166
376 250 418 284 '32
889 239 953 273 DE
982 238 1227 273 ORATORF..

381 328 504 370 rebus
535 326 683 370 audire
714 324 842 378 velle,
872 323 1143 366 adduxissem
1178 320 1263 363 hue
1295 321 1495 363 (lraecum
1528 321 1742 382 aliquem,

378 408 452 465 qni
480 423 555 450 vos
584 404 821 449 istiusmodi
851 400 1216 462 (lisputationibus
1246 398 1475 444 delectaret
1507 418 1515 443 :
1543 401 1661 461 quod
1691 418 1744 444 ne

381 502 495 529 nunc
519 485 691 545 quidem
717 482 889 526 difficile
914 481 1028 524 factu
1057 489 1132 522 est.
1159 482 1235 522 Est
1261 481 1375 523 enim
1398 480 1512 540 apud
1538 483 1599 524 M.
1626 482 1747 525 Piso-

380 582 504 621 nem,
540 564 851 608 adolescentem
884 562 972 620 jam
1005 560 1108 602 huic
1142 558 1286 603 studio
1318 559 1539 617 deditum,
1574 577 1745 603 summo

381 645 598 688 hominem
643 642 841 703 ingenio,
879 639 1099 698 nostrique
1138 638 1493 699 cupidissimum,
1532 640 1746 700 peripate-

381 725 488 767 ticus
515 726 705 777 Staseas,
735 721 864 764 homo
895 719 1018 762 nobis
1043 734 1145 761 sane
1176 718 1426 776 familiaris,
1457 729 1522 777 et,
1557 729 1606 763 ut
1636 720 1747 763 inter

382 804 576 847 homines
604 803 763 863 peritos
791 808 986 844 constare
1015 797 1164 855 video,
1193 799 1236 842 in
1268 798 1343 843 illo
1369 816 1447 843 suo
1476 816 1632 860 genere
1655 816 1747 843 om-

383 884 500 926 nium
520 884 732 943 princeps.

442 965 604 1007 XXIII.
640 963 783 1019 Quem
818 972 890 1018 tu,
924 961 1088 1021 inquit,
1123 961 1256 1017 mihi,
1293 961 1491 1015 Mucius,
1532 962 1748 1018 Staseam,

381 1059 508 1103 quem
536 1043 863 1103 peripateticum
894 1040 1071 1084 narras?
1096 1040 1311 1101 gerendus
1336 1050 1398 1084 est
1423 1041 1501 1084 tibi
1531 1057 1622 1084 mos
1646 1039 1750 1084 ado-

382 1122 664 1177 lescentibus,
694 1123 849 1166 Crasse
878 1138 886 1164 τ
918 1121 993 1181 qui
1026 1138 1114 1164 non
1145 1121 1286 1165 Graeci
1319 1119 1501 1180 alicujus
1531 1120 1750 1181 quotidia-

382 1219 480 1245 nam
505 1201 808 1262 loquacitatem
831 1202 922 1246 sine
946 1218 1048 1257 usu,
1074 1216 1214 1261 neque
1240 1217 1291 1243 ex
1311 1199 1468 1243 scholis
1489 1199 1750 1247 cantilenam

380 1283 631 1343 requirunt,
661 1282 734 1326 sed
764 1298 813 1325 ex
845 1282 1021 1325 homine
1053 1282 1250 1324 omnium
1280 1280 1596 1340 sapientissimo
1622 1290 1751 1340 atque

381 1359 753 1422 eloquentissimo,
783 1371 913 1421 atque
937 1378 988 1404 ex
1014 1377 1090 1414 eo,
1115 1361 1189 1420 qui
1218 1377 1306 1403 non
1334 1361 1376 1402 in
1404 1358 1582 1416 libellis,
1609 1360 1683 1403 sed
1708 1361 1751 1403 in

384 1442 579 1485 maximis
610 1442 773 1497 causis,
805 1451 846 1484 et
875 1442 919 1484 in
950 1441 1032 1484 hoc
1062 1440 1280 1484 domicilio
1311 1440 1479 1501 imperii
1508 1449 1551 1483 et
1579 1439 1752 1501 gloriae,

382 1522 436 1565 sit
463 1521 642 1565 consilio
670 1521 905 1582 linguaque
931 1522 1158 1582 princeps;
1189 1521 1312 1581 cujus
1342 1520 1521 1581 vestigia
1551 1521 1752 1580 persequi

382 1603 582 1662 cupiunt,
607 1603 697 1662 ejus
722 1602 979 1645 sententiam
1004 1601 1290 1644 sciscitantur.

444 1682 653 1742 Equidem
680 1691 722 1725 te
756 1697 891 1741 quum
921 1682 964 1724 in
997 1679 1180 1724 dicendo
1214 1697 1382 1740 semper
1413 1682 1563 1741 putavi
1595 1681 1751 1738 deum,

383 1772 475 1806 tum
499 1779 601 1806 vero
625 1762 703 1806 tibi
728 1777 954 1821 nunquam
984 1760 1241 1820 eloquentiae
1268 1760 1477 1820 majorem
1502 1761 1636 1805 tribui
1664 1760 1753 1805 lau-

383 1842 503 1899 dem,
530 1859 659 1902 quam
687 1842 971 1885 humanitatis
999 1858 1008 1884 ι
1035 1857 1120 1901 qua
1155 1857 1272 1884 nunc
1303 1850 1344 1884 te
1375 1841 1439 1883 uti
1472 1839 1537 1884 vel
1567 1842 1752 1884 maxime

383 1922 526 1978 decet,
558 1939 697 1982 neque
726 1922 929 1983 defugere
957 1938 1051 1965 eam
1082 1921 1439 1981 disputationem,
1470 1920 1524 1963 ad
1553 1937 1682 1980 quam
1710 1931 1752 1964 te

384 2003 470 2046 duo
508 2002 752 2046 excellentis
791 2003 953 2063 ingenii
989 2000 1278 2045 adolescentes
1315 2001 1499 2060 cupiunt
1537 2000 1748 2044 accedere.

445 2085 538 2143 Ego
564 2100 690 2139 vero,
718 2084 885 2143 inquit,
913 2083 1003 2125 istis
1028 2082 1208 2141 obsequi
1235 2080 1410 2137 studeo,
1436 2097 1575 2140 neque
1600 2096 1752 2142 grava-

381 2163 463 2206 bor
487 2162 675 2206 breviter
699 2178 795 2206 meo
820 2179 959 2218 more,
986 2161 1090 2222 quid
1114 2178 1287 2221 quaque
1312 2160 1363 2204 de
1386 2177 1432 2203 re
1456 2162 1659 2218 sentiam,
1687 2160 1750 2204 di-

385 2259 495 2286 cere.
534 2246 595 2286 Ac
634 2243 823 2303 primum
866 2241 971 2286 illud
1009 2242 1249 2304 (quoniam
1287 2241 1591 2285 auctoritatem
1631 2250 1748 2284 tuam

387 2321 620 2382 negligere,
647 2320 856 2378 Scaevola,
879 2321 940 2365 fas
963 2322 1071 2365 mihi
1097 2338 1186 2365 esse
1211 2338 1299 2364 non
1324 2318 1462 2381 puto)
1487 2319 1749 2380 respondeo,

388 2402 492 2445 mihi
521 2402 692 2445 dicendi
719 2412 795 2445 aut
821 2401 985 2445 nullam
1014 2411 1175 2457 artem,
1202 2410 1277 2444 aut
1307 2410 1560 2460 pertenuem
1590 2399 1749 2454 videri,

387 2482 460 2526 sed
485 2500 656 2527 omnem
686 2499 776 2526 esse
804 2482 1127 2526 contentionem
1155 2482 1268 2524 inter
1300 2481 1496 2524 homines
1526 2479 1675 2522 doctos
1705 2479 1747 2522 in

387 2562 505 2605 verbi
533 2563 826 2606 controversia
848 2562 1046 2622 positam.

450 2644 561 2687 Nam
586 2643 619 2686 si
641 2659 709 2686 ars
730 2644 789 2686 ita
812 2642 1036 2692 definitur,
1061 2651 1106 2684 nt
1129 2640 1258 2702 paulo
1279 2651 1378 2684 ante
1399 2640 1596 2699 exposuit.
1616 2640 1746 2682 Anto-
