1843 3166
792 167 937 230 LlssEn
970 195 1016 228 ΙΙ.
1508 202 1573 234 11'3

272 280 381 321 Nam
397 295 537 338 neque
555 280 608 333 is,
631 280 705 338 qui
718 280 881 339 optime
899 288 1061 338 potest,
1078 278 1340 325 deserendus
1356 284 1443 327 ullo
1460 287 1589 329 modo

205 370 268 403 est
297 378 319 403 a
347 360 651 403 cohortatione
677 369 847 413 nostra,
873 375 1012 418 neque
1044 360 1095 411 is,
1131 362 1205 420 qui
1235 360 1399 421 aliquid
1425 375 1590 424 potest,

205 440 488 484 deterrendus
519 457 527 483 :
561 439 680 500 quod
715 440 921 493 alterum,
951 440 1193 484 divinitatis
1226 443 1329 485 mihi
1365 445 1590 503 cujusdam

206 522 400 575 videtur,
422 520 631 577 alterum,
647 520 713 564 vel
734 538 822 565 non
844 521 1003 576 facere,
1026 522 1144 582 quod
1160 539 1247 565 non
1264 524 1429 583 optime
1444 529 1594 584 possis,

207 603 271 646 vel
291 602 451 658 facere,
474 603 592 662 quod
614 620 703 646 non
723 604 909 663 pessime
921 603 1072 659 facias,
1090 603 1399 657 humanitatis3
1420 607 1592 650 tertium

204 701 306 728 vero
327 683 456 738 illud,
480 683 668 727 clamare
688 694 842 727 contra
869 700 1001 744 quam
1023 684 1193 741 deceat,
1221 696 1264 729 et
1285 703 1417 746 quam
1442 689 1595 747 possit,

203 765 392 809 hominis
411 774 494 817 est,
508 774 556 808 ut
568 774 636 822 tu,
649 763 827 820 Catule,
845 765 898 808 de
912 765 1102 825 quodam
1117 765 1409 812 declamatore
1427 768 1594 821 dixisti,

203 845 397 890 stultitiae
429 862 516 889 suae
546 862 677 905 quam
710 844 924 905 plurimos
956 856 1084 891 testes
1115 847 1355 892 domestico
1375 852 1594 910 praeconio

204 926 464 988 colligentis.

266 1011 335 1053 De
358 1009 441 1053 hoc
462 1009 611 1070 igitur,
635 1009 710 1069 qui
730 1010 812 1052 erit
838 1008 954 1064 talis,
982 1019 1027 1052 ut
1057 1011 1356 1056 cohortandus
1380 1011 1593 1075 adjuvan-

203 1091 371 1151 dusque
383 1090 456 1143 sit,
477 1091 536 1133 ita
554 1088 802 1149 loquamur,
819 1100 867 1132 ut
885 1091 923 1133 ei
938 1090 1160 1134 tradamus
1177 1108 1227 1134 ea
1243 1092 1479 1147 duntaxat,
1500 1110 1595 1153 qua*

203 1189 282 1215 nos
311 1188 413 1215 usus
444 1170 612 1225 docuit,
640 1180 689 1213 ut
723 1170 846 1213 nobis
880 1170 1065 1214 (lucibus
1096 1173 1243 1216 veniat
1279 1189 1348 1228 eo,
1383 1190 1470 1233 quo
1502 1176 1594 1217 sine

203 1252 313 1296 duce
333 1253 414 1312 ipsi
433 1252 735 1312 pervenimus,
757 1252 964 1310 quoniam
985 1251 1166 1295 meliora
1191 1252 1346 1296 docere
1375 1270 1464 1297 non
1495 1271 1592 1314 pos-

203 1349 366 1377 sumus.

264 1415 387 1457 XXI.
425 1415 592 1472 Atque,
614 1422 698 1455 uta
717 1411 920 1455 familiari
942 1422 1096 1456 nostro
1109 1413 1331 1470 exordiar3
1351 1415 1470 1458 hunc
1488 1432 1570 1476 ego
1584 1452 1594 1469 ,

202 1492 376 1550 Catule,
401 1492 672 1553 Sulpicium,
693 1493 883 1552 primun}
913 1494 958 1536 in
988 1509 1116 1536 causa
1136 1493 1321 1554 parvula
1345 1494 1597 1539 adolescen—

202 1574 344 1619 tulum
367 1573 540 1629 audivi,
559 1590 689 1629 voce,
709 1583 751 1616 et
774 1573 914 1616 forma
928 1609 938 1628 ,
965 1583 1008 1616 ot
1027 1584 1151 1617 motu
1170 1577 1392 1635 corporis,
1425 1586 1467 1619 et
1494 1576 1593 1619 reli-

200 1657 298 1717 quis
316 1656 446 1699 rebus
467 1664 622 1715 aptum
644 1653 699 1696 ad
718 1653 801 1697 hoc
821 1671 979 1697 munus
998 1689 1008 1708 ,
1033 1653 1085 1697 de
1109 1671 1196 1714 quo
1220 1656 1480 1716 quaerimus3
1504 1673 1597 1700 ora-

202 1739 320 1780 tione
333 1746 477 1779 autem
493 1733 622 1778 celeri
636 1744 678 1777 et
689 1735 931 1789 concitata,
949 1734 1067 1794 quod
1084 1744 1178 1778 erat
1192 1736 1379 1796 ingenii,
1392 1747 1434 1780 et
1450 1737 1594 1780 verbis

202 1816 604 1870 effervescentibus,
625 1824 667 1857 et
694 1813 842 1874 paullo
861 1815 1046 1858 nimium
1072 1815 1445 1873 redundantibus,
1476 1817 1593 1877 quod

201 1907 294 1941 erat
314 1897 469 1951 aetatis,
497 1912 587 1939 non
605 1912 701 1938 sum
729 1894 1132 1955 aspernatus.Volo
1161 1897 1279 1939 enim
1303 1913 1347 1940 se
1375 1898 1525 1942 efferat
1548 1899 1590 1940 in

200 1977 475 2022 adolescente
517 1975 774 2020 foecunditas
809 1993 816 2018 :
857 1992 958 2018 nam
993 1975 1162 2019 facilius
1204 1977 1317 2020 sicut
1346 1978 1391 2020 in
1425 1978 1588 2021 vitibus

200 2068 467 2103 revocantur
492 2074 541 2101 ea
557 2093 567 2112 ,
594 2074 689 2117 quae
716 2072 806 2099 sese
828 2057 1013 2099 nimium
1034 2056 1349 2116 profuderunt,
1379 2074 1533 2117 quam,
1556 2060 1590 2101 si

202 2139 310 2183 nihil
322 2137 440 2182 valet
451 2139 675 2191 materies,
697 2153 811 2180 nova
825 2146 1044 2179 sarmenta
1060 2135 1234 2180 cultura
1250 2138 1512 2180 excitantur:
1534 2138 1593 2181 ita

201 2219 300 2264 volo
316 2235 407 2262 esse
421 2219 465 2261 in
479 2217 773 2273 adolescente,
789 2216 906 2260 unde
921 2215 1087 2276 aliquid
1101 2227 1338 2277 amputem.
1356 2218 1457 2261 Non
1473 2220 1589 2261 enim

202 2309 344 2361 potest
363 2300 409 2342 in
430 2315 481 2342 eo
508 2314 663 2342 succus
679 2314 770 2342 esse
795 2298 1056 2353 diuturnus,
1087 2296 1206 2357 quod
1231 2298 1362 2341 nimis
1393 2297 1592 2342 celeriter

200 2392 264 2426 est
289 2381 587 2425 maturitatem
611 2389 871 2423 assecutum.

265 2462 368 2506 Vidi
389 2462 534 2505 statim
553 2459 746 2504 indolem
761 2495 772 2515 ,
792 2476 933 2519 neque
949 2459 1090 2503 dimisi
1108 2470 1300 2521 tempus,
1321 2470 1364 2503 et
1378 2477 1477 2503 eum
1494 2477 1589 2503 sum

201 2544 477 2599 cohortatus,
495 2551 543 2584 ut
554 2541 699 2584 forum
710 2541 791 2584 sibi
806 2539 961 2584 ludum
973 2551 1144 2601 putaret
1158 2558 1250 2585 esse
1262 2541 1315 2584 ad
1329 2541 1562 2584 dicendum
1578 2558 1588 2593 3

202 2624 460 2683 magistrum
484 2631 648 2676 autem,
680 2637 811 2680 quem
841 2619 993 2677 vellet,
1026 2620 1227 2683 eligeret3
1251 2637 1318 2664 me
1348 2621 1525 2680 quidem
1555 2623 1586 2664 si

401 2710 450 2737 Η.
1368 2698 1415 2744 8*
