1843 3166
327 174 396 197 912
843 163 907 197 DE
937 162 1173 197 ORATORF,

326 262 554 289 manarum
583 248 742 290 artium
769 263 856 289 uno
882 247 1067 306 quodam
1105 246 1318 289 societatis
1347 243 1517 288 viuculo
1546 245 1684 287 conti-

327 327 417 369 neri
448 344 456 369 :
503 327 574 370 ubi
617 328 730 370 cuim
770 337 992 387 perspecta
1031 328 1092 370 vis
1127 336 1191 370 est
1226 326 1406 369 rationis
1443 324 1559 384 ejus,
1601 341 1683 383 qua

326 423 463 451 causae
488 424 631 451 rerum
661 418 789 467 atquc
819 409 957 451 exitus
985 418 1324 468 cognoscuntur,
1354 406 1488 449 mirus
1508 403 1683 464 quidam

327 490 521 532 omnium
546 491 667 549 quasi
692 506 928 532 consensus
952 489 1248 532 doctrinarum
1276 496 1597 545 concentusque
1623 502 1687 528 re—

324 569 502 628 peritur.

386 648 468 691 Sed
506 649 539 691 si
572 649 653 692 hoc
684 666 857 709 quoquc
889 649 1057 692 videtur
1089 665 1178 692 esse
1212 647 1364 703 altius,
1404 664 1532 707 quam
1569 656 1617 689 ut
1646 645 1687 688 id

324 745 424 784 nos,
446 729 566 771 humi
588 730 735 784 strati,
756 729 974 789 suspicere
995 730 1232 789 possimus,
1255 727 1361 771 illud
1383 738 1498 771 certe
1521 738 1689 778 tamen,

324 808 439 868 quod
466 808 649 869 amplexi
679 826 848 865 sumus,
891 809 1006 869 quod
1037 809 1307 869 profitemur,
1346 807 1463 868 quod
1501 808 1690 867 suscepi-

325 905 440 944 mus,
472 905 597 932 nosse
626 899 669 932 et
695 900 841 933 tenere
865 889 1086 933 debemus.
1121 890 1222 933 Una
1247 899 1311 932 est
1339 889 1475 943 enim,
1507 887 1622 948 quod
1650 897 1688 930 ct

324 985 405 1029 ego
435 968 636 1013 hesterna
670 969 738 1013 die
769 969 882 1025 dixi,
923 981 965 1013 et
1004 969 1172 1029 aliquot
1209 968 1313 1012 locis
1349 968 1693 1012 antemeridiano

325 1065 523 1092 sermone
549 1049 808 1110 significavit
831 1050 1073 1106 Antonius,
1103 1049 1372 1109 eloquentia,
1395 1064 1694 1109 quascumque

326 1129 368 1172 in
393 1145 490 1172 oras
513 1128 820 1190 disputationis
847 1130 1100 1191 regionesve
1123 1129 1266 1174 delata
1288 1140 1366 1174 est.

389 1210 503 1254 Nam
527 1210 615 1253 sive
635 1210 688 1253 de
708 1209 803 1254 coeli
828 1220 983 1254 natura
1007 1210 1216 1271 loquitur,
1242 1212 1331 1254 sive
1355 1210 1408 1253 de
1440 1220 1576 1266 terra,
1608 1209 1698 1253 sive

327 1290 379 1333 de
393 1290 538 1334 divina
554 1291 616 1345 vi,
641 1292 729 1334 sive
753 1291 805 1334 de
825 1292 1038 1348 humana,
1064 1292 1153 1335 sive
1174 1309 1225 1335 ex
1241 1291 1444 1335 inferiore
1459 1290 1580 1346 loco,
1608 1291 1696 1334 sive

326 1387 378 1413 ex
401 1387 545 1430 aequo,
584 1371 673 1415 sive
697 1388 750 1415 ex
776 1373 1020 1432 superiore,
1055 1373 1143 1416 sive
1175 1383 1223 1416 ut
1256 1372 1451 1433 impellat
1480 1372 1698 1425 homines,

327 1452 416 1494 sive
444 1461 491 1494 ut
518 1451 692 1508 doceat,
721 1453 811 1495 sive
833 1462 881 1496 ut
905 1452 1146 1508 deterreat,
1179 1454 1268 1496 sive
1290 1463 1337 1496 ut
1360 1453 1574 1509 concitet,
1608 1452 1699 1496 sive

329 1541 375 1574 ut
406 1532 622 1587 reflectat,
660 1533 748 1575 sive
780 1543 829 1576 ut
857 1533 1085 1590 incendat,
1125 1535 1214 1577 sive
1248 1544 1296 1577 ut
1327 1533 1484 1590 leniat,
1523 1534 1612 1577 sive
1644 1532 1699 1577 ad

327 1626 512 1671 paucos,
552 1611 641 1654 sive
670 1611 726 1654 ad
765 1610 949 1669 multos,
985 1613 1075 1656 sive
1107 1613 1219 1656 inter
1251 1612 1430 1669 alienos,
1478 1614 1568 1656 sive
1599 1629 1699 1656 curn

329 1692 417 1737 suis
431 1726 442 1747 ‚
469 1693 557 1736 sive
578 1708 747 1749 secum,
769 1694 873 1738 rivis
895 1703 961 1737 est
983 1692 1161 1737 diducta
1178 1694 1340 1750 oratio,
1368 1710 1457 1738 non
1481 1693 1700 1748 fontibus;

327 1783 390 1829 et,
416 1789 692 1834 quocumque
719 1773 977 1835 ingreditur,
1003 1772 1156 1818 eodem
1187 1783 1250 1817 est
1279 1774 1495 1819 instructu
1519 1783 1700 1818 ornatu-

327 1871 411 1914 que
428 1855 647 1898 comitata.

393 1935 478 1979 Sed
510 1936 718 1995 quoniam
750 1937 945 1996 oppressi
973 1937 1064 1996 jain
1095 1952 1242 1980 sumus
1268 1936 1576 1996 opinionibus,
1612 1952 1700 1980 non

328 2016 458 2060 modo
482 2014 629 2076 vulgi,
655 2033 808 2060 verum
828 2017 957 2060 etiam
974 2017 1203 2060 hominum
1225 2016 1378 2061 leviter
1397 2016 1671 2060 eruditorum
1688 2051 1700 2073 ,

331 2097 433 2156 qui,
464 2112 558 2156 quae
583 2096 811 2156 complecti
832 2106 922 2140 tota
948 2108 1199 2157 nequeunt,
1228 2098 1317 2141 haec
1342 2097 1509 2141 facilius
1531 2096 1700 2141 divulsa

332 2185 373 2220 et
390 2177 513 2236 quasi
532 2175 747 2237 discerpta
767 2187 1063 2235 contrectant3
1081 2179 1236 2239 etqui,
1252 2188 1460 2239 tanquam
1479 2178 1532 2222 ab
1553 2179 1699 2222 animo

331 2274 512 2317 corpus,
547 2258 608 2300 sic
640 2274 664 2300 a
693 2259 917 2302 sententiis
942 2260 1074 2303 verba
1098 2260 1358 2320 sejungunt,
1390 2276 1579 2319 quorum
1605 2260 1700 2302 sine

331 2338 510 2382 interitu
546 2337 638 2381 fieri
672 2349 875 2382 neutrum
909 2349 1082 2400 potest:
1113 2357 1200 2384 non
1234 2341 1466 2400 suscipiam
1498 2339 1698 2383 oratione

332 2434 425 2461 mea
461 2416 580 2478 pluS‚
618 2434 748 2477 quam
782 2420 889 2463 mihi
927 2421 1193 2480 imponitur3
1240 2430 1409 2464 tantum
1443 2420 1698 2481 significabo

332 2498 480 2552 brevi,
510 2514 650 2557 neque
675 2499 906 2543 verborum
925 2510 1128 2544 ornatum
1149 2502 1333 2545 inveniri
1353 2516 1474 2561 posse
1493 2517 1583 2544 non
1600 2517 1700 2560 par-

333 2579 420 2622 titis
453 2579 747 2640 expressisque
782 2582 1033 2638 sententiis,
1078 2599 1217 2642 neque
1246 2599 1336 2625 esse
1365 2580 1499 2624 ullam
1525 2591 1700 2625 senten-
