1843 3166
631 226 1019 260 ADNOTATIONES.
1423 225 1495 266 343

147 307 182 335 et
200 300 340 336 exsules
358 306 622 336 revocarentur
644 313 652 335 :
672 300 718 346 is,
733 313 848 348 quum
859 300 951 336 urbe
970 301 1130 348 fugeret,
1146 299 1315 347 proditus
1333 312 1354 334 a
1372 312 1498 346 servo,

147 368 183 396 et
206 374 226 397 a
244 361 400 398 Sullanis
419 361 597 397 militibus
622 362 865 397 obtruncatus
884 367 947 397 est.

200 424 286 459 Cn.
312 425 357 459 V.
388 426 535 458 Imusne
563 434 712 457 sessum.
736 422 903 470 Intellige
928 422 976 457 ad
1003 420 1287 469 disputandum,
1311 421 1416 470 quod
1440 423 1498 457 vel

146 481 308 518 sedendo
320 511 330 527 ‚
348 484 406 519 vel
426 481 707 527 inambulando,
726 481 849 518 fiebat.
863 484 957 518 ERN.

198 543 284 577 CAP.
309 544 373 578 VI.
392 543 468 578 Sive
490 555 539 577 ex
558 542 729 587 inferiore
749 545 839 578 loco.
865 542 952 578 Tria
974 541 1160 589 praecipua
1178 541 1260 576 loca
1286 540 1501 590 distinguit,

145 613 165 636 e
184 602 320 648 quibus
333 602 453 637 dicere
472 602 639 637 solebant
653 609 829 637 oratores.
849 604 893 638 In
911 601 1120 639 forensibus
1139 599 1417 647 controversiis,
1436 613 1500 636 ac—

145 669 293 698 cusator
312 675 357 698 ac·
372 662 543 698 defensor
562 662 741 698 subselliis
763 662 1005 698 considebant
1017 690 1026 708 ,
1048 663 1121 697 hoc
1143 669 1196 697 est
1215 660 1382 706 inferiori
1402 662 1501 706 loco;

146 721 183 755 in
202 729 350 766 senatu,
380 734 425 757 ex
448 735 555 771 aequo
582 724 666 758 loco
691 723 883 768 dicebant3
905 735 924 758 e
945 723 1155 769 superiore,
1181 721 1415 770 magistratus
1437 722 1502 770 qui

145 781 193 816 ad
210 784 392 829 populum
411 795 482 830 pro
507 784 634 819 rostris
654 784 851 819 conciones
870 783 1066 820 habebant.
1089 785 1225 819 PE‘rAv.

198 844 283 878 Cir.
310 844 394 879 VII.
423 844 569 878 Natura
595 847 700 880 nulla
730 852 796 880 est.
825 845 1043 879 Generalem
1078 842 1368 891 disputationem
1402 855 1500 890 prae-

144 903 256 939 mittit
276 903 322 939 de
353 905 594 952 eloquentiae,
620 912 655 941 et
686 912 879 941 oratorum
898 905 936 939 in
957 904 1115 940 dicendo
1139 904 1326 939 varietate.
1354 904 1503 939 Summa

145 970 267 998 autem
282 965 358 999 haec
384 971 437 999 est
457 978 465 999 τ
493 977 609 1011 quum
627 978 701 1000 una
719 966 924 1013 eademque
943 965 989 1000 sit
1015 977 1073 1000 ars
1104 963 1272 1009 dicendi,
1299 962 1502 999 admirabi-

144 1026 215 1058 lem
231 1031 355 1059 tamen
373 1037 448 1060 esse
461 1025 499 1059 in
518 1025 647 1063 eadem
671 1033 748 1062 arte
768 1026 1118 1071 dissimilitudinem,
1136 1037 1208 1072 pro
1233 1037 1277 1060 eo
1297 1024 1401 1071 quod
1414 1025 1505 1061 alius

144 1084 216 1119 alio
240 1084 279 1118 in
300 1097 434 1132 genere
460 1086 604 1121 excellit
632 1099 640 1121 ε
666 1087 771 1134 quod
794 1087 918 1134 primo
943 1099 1117 1122 sensuum
1148 1086 1318 1132 exemplo
1346 1085 1504 1131 probat,

145 1144 211 1192 qui
236 1158 351 1192 quum
381 1146 516 1194 singuli
536 1159 653 1181 unum
674 1147 853 1194 quiddam
882 1147 973 1191 sint,
993 1147 1104 1182 variis
1132 1153 1253 1181 tamen
1282 1146 1394 1181 rebus
1421 1144 1498 1180 affi-

145 1206 305 1252 ciuntur,
329 1220 427 1254 quae,
446 1214 577 1243 natura
603 1208 791 1255 dispares,
811 1209 1055 1244 delectatione
1087 1214 1172 1243 sunt
1192 1220 1270 1242 non
1296 1207 1417 1242 minus
1447 1206 1507 1242 di-

144 1280 265 1303 versae.
286 1268 389 1303 Idem
407 1268 446 1302 in
467 1268 632 1316 fingendi
652 1276 687 1304 et
711 1269 889 1318 pingendi
908 1276 986 1305 arte
1006 1270 1177 1304 declarat.
1197 1271 1334 1304 Pmiv.

197 1329 310 1375 Illyro
321 1355 332 1372 ,
356 1330 588 1376 Polycletus,
614 1331 814 1377 Lysippus.
830 1331 963 1377 Operae
981 1330 1143 1377 pretium
1162 1336 1215 1364 est
1227 1329 1355 1364 videre
1368 1340 1503 1376 quem-

145 1388 346 1424 admodum
366 1391 536 1425 eumdem
554 1392 677 1426 locum
700 1398 831 1426 tractet
856 1391 1125 1437 Quintilianus,
1149 1403 1228 1434 xn,
1262 1402 1325 1433 103
1351 1400 1508 1436 quaeque

144 1449 191 1483 de
216 1450 399 1486 statuariis
422 1451 556 1486 habeat
577 1451 736 1496 Plinius,
755 1464 872 1496 xxxv,
892 1465 936 1500 9,
958 1452 1023 1487 ubi
1049 1451 1195 1498 prolixe
1216 1449 1419 1485 admodum
1444 1448 1507 1483 in-

144 1509 302 1558 signium
328 1513 558 1557 sculptorum
583 1512 760 1546 meminit.
780 1514 917 1544 Pmiv.

198 1572 284 1607 CAP.
315 1572 379 1606 IX.
414 1572 606 1604 Facultate
641 1570 763 1616 magis
797 1582 907 1615 quam
930 1582 1072 1615 genere.
1101 1570 1236 1604 Sensus
1263 1575 1316 1603 est
1347 1581 1355 1602 :
1383 1570 1507 1613 Quum

145 1629 299 1665 dicimus
318 1631 429 1665 aliurn
449 1635 632 1663 oratorem
652 1628 841 1663 meliorem
868 1640 963 1673 esse,
984 1628 1094 1664 alium
1115 1628 1336 1663 deteriorem
1350 1655 1359 1672 ‚
1376 1639 1420 1662 eo
1443 1628 1507 1674 ju-

146 1691 243 1725 dicio
269 1702 348 1725 non
377 1688 622 1736 significamus
646 1689 744 1724 illius
773 1689 932 1725 oratoris
963 1702 1079 1738 genus
1106 1688 1254 1724 dicendi
1283 1688 1408 1735 potius
1432 1701 1506 1725 esse

146 1763 257 1798 quam
279 1749 390 1796 hujus
415 1762 423 1784 ι
451 1749 490 1783 in
512 1749 653 1796 dispari
681 1750 789 1784 etiam
809 1762 944 1797 genere
968 1756 1124 1797 possunt
1149 1761 1225 1784 esse
1251 1760 1354 1795 aeque
1379 1749 1509 1785 lauda-

145 1811 256 1855 biles;
286 1810 351 1845 sed
385 1809 540 1858 intelligi
569 1811 740 1845 volumus
761 1810 865 1845 illum
898 1818 1084 1846 oratorem
1108 1810 1281 1845 facultate
1311 1809 1506 1857 excellere,

145 1872 185 1906 id
210 1879 263 1907 est
285 1873 369 1918 plus
398 1871 437 1905 in
463 1884 529 1906 suo
550 1883 683 1919 genere
708 1872 850 1917 valere,
877 1883 990 1919 quam
1017 1872 1118 1906 hunc
1149 1870 1188 1904 in
1213 1882 1276 1914 cO,
1305 1869 1409 1917 quod
1437 1869 1506 1905 sibi

146 1933 343 1980 proprium
360 1933 482 1967 habet.
508 1934 646 1967 Pmnc.

201 1995 286 2030 CAP.
308 1995 376 2029 XI.
402 1994 568 2036 Sodalis,
593 1995 636 2028 L.
660 1992 775 2028 Cotta.
794 1993 882 2028 Non
904 1993 965 2028 ille
986 1991 1248 2040 intelligendus
1266 1997 1342 2036 est,
1368 1988 1434 2038 qui
1452 1989 1508 2025 his

146 2055 250 2090 libris
272 2054 483 2100 inducitur,
503 2054 567 2090 sed
590 2054 680 2088 alius
700 2053 745 2089 de
768 2066 843 2101 quo
867 2054 1005 2090 mentio
1024 2061 1077 2090 est
1095 2053 1134 2088 in
1155 2055 1290 2095 Bruto,
1311 2064 1451 2097 xxxV13
1471 2058 1509 2086 et.

150 2116 196 2151 de
222 2128 300 2163 quo
322 2115 594 2160 Quintilianus,
616 2127 675 2158 XI,
698 2114 732 2148 3.

201 2176 358 2211 Athenis
362 2175 447 2220 jam
468 2177 531 2210 diu
544 2176 717 2210 doctrina.
739 2173 925 2211 Ciceronis
944 2181 1129 2222 tempore,
1152 2174 1384 2209 Athenarum
1401 2179 1507 2208 vetus

149 2238 210 2273 illa
228 2237 343 2285 gloria
364 2236 576 2272 conciderat
589 2264 598 2281 ,
616 2249 684 2271 nec
704 2236 905 2284 quicquam
921 2243 1054 2282 praeter
1071 2247 1209 2271 nomen
1228 2241 1341 2281 atque
1364 2245 1507 2268 memo-

149 2298 243 2333 riam
260 2298 440 2342 restabat3
462 2297 583 2344 primo
610 2298 760 2346 regibus
780 2295 1024 2342 Macedoniae,
1049 2303 1127 2331 tum
1146 2294 1321 2331 Romanis
1338 2292 1425 2340 ipsis
1447 2292 1506 2329 af-

150 2358 373 2408 fligentibus.
405 2360 528 2402 Quare
564 2358 752 2406 peregrini
775 2357 813 2392 in
844 2369 886 2393 ea
913 2357 1006 2392 urbe
1041 2356 1207 2391 homines
1235 2352 1508 2401 philosophiam

151 2428 260 2468 atque
282 2419 530 2467 eloquentiam
548 2419 843 2466 profitebantur3
868 2417 919 2453 ita
937 2424 1059 2453 tamen
1077 2424 1139 2463 ut,
1158 2417 1234 2452 sola
1253 2413 1413 2450 nominis
1436 2425 1506 2448 au-

152 2482 319 2517 ctoritate
350 2480 518 2526 adducti,
542 2481 676 2527 passim
711 2493 757 2515 ex
791 2486 872 2514 toto
905 2479 1016 2524 orbe,
1048 2477 1324 2525 disciplinarum
1361 2472 1505 2517 studio,

153 2542 312 2578 Athenas
334 2542 549 2591 navigarent
568 2542 634 2577 diu
658 2541 768 2576 etiam
790 2547 876 2588 post
901 2539 1087 2575 Ciceronis
1116 2544 1267 2574 aetatem.
1293 2533 1408 2581 Apud
1434 2532 1506 2580 Sy-

152 2603 292 2638 nesium
313 2609 429 2639 exstat
448 2604 593 2653 elegans
617 2602 769 2650 epistola
782 2629 792 2646 ‚
813 2614 886 2649 qua
905 2601 1050 2637 inanem
1069 2600 1167 2635 illam
1186 2595 1431 2633 curiositatem
1449 2593 1506 2627 le—
