1843 3166
319 196 365 230 80
838 197 901 230 DE
935 195 1167 231 ORATORE

319 281 581 339 rausisjuris
604 282 786 341 peritos,
818 298 951 340 quum
982 282 1059 339 ipsi
1087 281 1172 322 sint
1200 278 1475 339 peritissimi,
1505 287 1547 320 et
1576 276 1682 336 qui,

321 372 366 405 ut
391 362 465 405 abs
494 371 531 404 le
566 360 710 422 paullo
735 371 834 404 ante
858 361 1022 404 dietum
1052 369 1140 415 ost,
1170 358 1426 419 pragmatici
1454 366 1679 400 vocantur.

324 445 370 485 [n
400 458 487 502 quo
518 442 654 485 nostri
685 441 865 484 omnino
897 439 1050 483 melius
1078 438 1238 492 inulto,
1282 437 1399 498 quod
1424 436 1681 481 clarissimo-

323 539 419 566 rum
446 523 676 565 hominum
703 523 963 566 auctoritate
1001 520 1114 582 leges
1153 531 1195 563 et
1221 521 1321 580 jura
1350 529 1459 563 tecta
1495 534 1585 562 esse
1613 534 1685 561 vo-

322 602 512 646 luerunt.
542 602 623 646 Sed
652 612 796 645 tamen
822 618 909 645 non
943 601 1123 662 fugisset
1153 601 1234 643 hoc
1259 602 1434 643 Graecos
1461 599 1684 652 homines,

322 684 355 726 si
380 685 437 726 ita
458 699 630 726 necesse
656 699 746 726 esse
767 683 964 726 arbitrati
990 691 1153 737 essent,
1183 691 1401 724 oratorem
1428 681 1568 740 ipsum
1589 694 1686 722 eru-

321 764 413 807 dire
459 765 502 806 in
539 765 637 823 jure
679 763 819 817 civili,
867 780 953 806 non
998 764 1034 805 ei
1078 761 1396 823 pragmaticum
1440 759 1684 820 adjutorem

323 843 438 888 dare.

386 928 478 969 LX.
515 927 630 971 Nam
655 925 772 984 quod
795 925 903 967 dicis
935 932 1204 968 senectutem
1233 939 1258 966 a
1289 921 1523 965 solitudine
1548 920 1687 963 vindi-

325 1007 410 1050 cari
434 1007 542 1066 juris
562 1004 700 1049 civilis
720 1006 899 1048 scientia
923 1022 931 1047 :
962 1005 1142 1048 fortasse
1163 1005 1293 1047 etiam
1311 1003 1503 1063 pecuniae
1523 1001 1689 1062 magni—

326 1086 487 1129 tudine.
521 1085 605 1129 Sed
628 1102 727 1142 nos,
754 1102 843 1129 non
863 1085 968 1145 quid
993 1085 1118 1127 nobis
1143 1083 1273 1140 utile,
1303 1100 1455 1127 verum
1472 1082 1577 1144 quid
1599 1099 1690 1126 ora-

325 1167 407 1209 tori
434 1166 725 1210 necessarium
750 1166 831 1222 sit,
866 1165 1114 1225 quaerimus.
1154 1165 1444 1224 Quanquam,
1482 1163 1689 1224 quoniam

325 1246 460 1291 multa
477 1247 531 1291 ad
549 1247 733 1290 oratoris
756 1245 1084 1290 similitudinem
1102 1245 1155 1288 ab
1173 1261 1262 1288 uno
1279 1244 1443 1288 artifice
1459 1244 1668 1287 sumimus
1680 1279 1690 1299 ,

327 1327 435 1372 solet
456 1328 569 1371 idem
588 1328 772 1371 Roscius
797 1327 962 1381 dicere,
989 1343 1054 1381 se,
1082 1342 1169 1386 quo
1193 1324 1290 1386 plus
1314 1326 1394 1369 sibi
1417 1325 1553 1369 aetatis
1578 1340 1693 1368 aece-

327 1408 466 1466 deret,
492 1425 542 1452 eo
562 1408 772 1451 tardiores
793 1407 981 1450 tibicinis
998 1406 1151 1450 modos
1164 1441 1175 1463 ,
1194 1416 1236 1450 et
1253 1416 1406 1450 cantus
1426 1405 1692 1449 remissiores

328 1505 419 1532 esse
447 1488 679 1532 facturum.
715 1488 849 1545 Quod
881 1489 916 1531 si
950 1486 1043 1544 ille,
1086 1487 1318 1531 adstrictus
1355 1496 1472 1530 certa
1504 1486 1692 1546 quadam

329 1585 612 1612 numerorum
629 1568 930 1612 moderatione
943 1578 985 1611 et
998 1568 1181 1629 pedum,
1203 1578 1346 1612 tamen
1364 1567 1527 1628 aliquid
1549 1567 1603 1610 ad
1622 1584 1692 1611 re-

329 1650 474 1708 quiem
490 1650 721 1711 senectutis
736 1650 952 1710 excogitat
963 1683 973 1702 ,
989 1659 1153 1709 quanto
1168 1648 1335 1693 facilius
1351 1666 1429 1692 nos
1449 1666 1536 1692 non
1552 1648 1695 1692 laxare

330 1729 500 1786 modos,
531 1730 605 1774 sed
633 1739 746 1773 totos
776 1739 944 1772 mutare
975 1729 1235 1789 possumus?
1277 1730 1429 1789 Neque
1461 1729 1577 1773 enim
1611 1729 1694 1773 hoc

332 1820 397 1865 te,
430 1812 604 1866 Crasse,
634 1809 767 1866 fallit,
809 1826 940 1870 quam
967 1808 1106 1853 multa
1127 1810 1233 1866 sint,
1261 1820 1304 1853 et
1325 1826 1456 1870 quam
1478 1810 1598 1854 varia
1622 1826 1694 1870 ge-

330 1906 433 1933 nera
455 1889 652 1947 dicendi,
685 1900 726 1933 et
753 1889 870 1950 quod
891 1889 1008 1934 haud
1029 1890 1185 1946 seiam,
1213 1907 1267 1933 an
1298 1900 1344 1933 tu
1368 1891 1537 1951 primus
1561 1900 1697 1934 osten-

331 1970 464 2026 deris,
493 1972 568 2031 qui
586 1970 753 2031 jamdiu
777 1970 914 2015 multo
938 1971 1043 2015 dicis
1071 1971 1287 2015 remissius
1314 1980 1355 2014 et
1375 1970 1534 2028 lenius,
1565 1987 1695 2032 quam

330 2051 520 2107 solebas;
539 2067 678 2111 neque
698 2053 843 2094 minus
861 2052 950 2094 haee
969 2061 1113 2094 tamen
1129 2061 1202 2095 tua
1225 2052 1467 2113 gravissimi
1486 2053 1695 2095 sermonis

331 2132 504 2188 lenitas,
522 2148 654 2192 quam
671 2131 743 2174 illa
759 2148 928 2174 summa
948 2133 1009 2175 vis
1030 2142 1071 2175 et
1091 2133 1316 2176 contentio
1334 2134 1544 2193 probatur
1562 2150 1571 2176 ε
1592 2132 1697 2176 mul-

333 2214 450 2273 tique
470 2223 664 2257 oratores
685 2213 886 2269 fuerunt,
915 2223 963 2256 ut
987 2212 1109 2257 illum
1135 2214 1383 2274 Scipionem
1404 2214 1626 2270 audimus,
1654 2223 1696 2256 et

332 2293 537 2349 Laelium,
565 2295 639 2353 qui
669 2295 817 2337 omnia
851 2310 1050 2337 sermone
1084 2294 1347 2337 conficerent
1376 2294 1524 2355 paullo
1552 2295 1695 2338 inten-

333 2375 462 2431 tiore,
490 2392 735 2435 nunquam,
764 2385 811 2418 ut
835 2377 924 2418 Ser.
952 2374 1113 2428 Galba,
1141 2374 1376 2434 lateribus,
1411 2386 1485 2419 aut
1507 2375 1696 2420 elamore

333 2455 660 2499 contenderent.

394 2536 529 2592 Quod
553 2537 587 2579 si
611 2537 702 2596 jam
731 2538 812 2580 hoe
841 2537 980 2581 facere
1005 2555 1091 2581 non
1118 2539 1299 2599 poteris,
1330 2549 1405 2582 aut
1433 2538 1552 2582 noles
1580 2556 1589 2581 :
1623 2556 1695 2582 ve-

333 2619 463 2674 reris,
492 2634 545 2661 ne
567 2627 639 2661 tua
667 2618 844 2673 domus,
874 2619 971 2661 talis
991 2631 1033 2662 et
1056 2620 1161 2675 viri,
1187 2629 1228 2662 et
1250 2620 1374 2674 civis,
1401 2620 1433 2661 si
1456 2636 1479 2661 a
1499 2618 1694 2680 litigiosis
