1843 3166
334 194 353 230 3
361 192 404 235 46
836 190 900 225 DE
929 190 1176 226 ORATORE.

331 268 499 311 diorum3
531 272 573 302 ut
603 265 822 314 eloquentiae
852 265 1007 301 studiosi
1035 265 1168 301 similes
1197 265 1269 301 sint
1298 277 1428 301 eorum
1464 264 1685 316 fluminum,

332 340 413 376 quae
431 327 469 362 in
489 327 739 375 procellosum
762 326 854 362 illud
878 338 919 361 ac
944 326 1182 373 scopulosum
1199 338 1300 362 mare
1324 324 1508 372 influunt,
1528 335 1685 375 propter

331 387 523 423 sollicitam
549 393 586 422 et
605 387 802 423 exercitam
821 398 950 423 eorum
971 386 1164 422 hominum
1188 386 1441 422 conditionem
1467 400 1475 422 ε
1504 387 1571 436 qui
1593 400 1684 425 vero

330 448 572 496 philosophiae
605 460 681 484 sese
707 447 950 492 dediderunt,
990 459 1074 481 cum
1110 446 1154 483 iis
1186 445 1400 483 fluminibus
1428 448 1685 494 conferuntur,

331 509 480 556 quae<in
509 511 723 545 Graecorum
749 521 870 555 mare,
896 506 1158 555 tranquillum,
1189 520 1230 544 ac
1260 508 1381 544 minus
1409 508 1600 555 infestum,
1628 510 1685 544 la-

331 570 483 605 buntur.
504 571 639 604 Pssmv.

389 632 435 665 Ut
445 630 641 677 pontifices
665 637 816 665 veteres.
844 629 930 664 Alio
949 629 1140 676 exemplo,
1161 628 1478 676 quemadmodum
1498 631 1592 666 illud
1611 630 1688 666 dis-

331 691 469 727 cidium
498 691 636 725 factum
673 689 736 735 sit,
774 689 946 724 ostendit.
984 690 1173 736 Epulones
1187 715 1197 734 ‚
1239 688 1365 733 initio,
1404 695 1477 725 tres
1510 691 1691 728 duntaxat

332 751 443 788 creati
473 757 577 795 sunt,
620 757 662 785 ut
696 749 826 797 prodit
854 748 999 795 Livius,
1030 761 1172 784 xxx111.
1205 749 1435 796 Pomponius
1464 752 1586 787 Laetus
1623 753 1690 798 ait,

333 818 462 859 postea
481 811 578 846 duos
593 823 669 846 esse
689 809 906 856 adjunctos;
924 809 1168 856 postmodum
1193 807 1358 857 denique
1377 809 1424 845 ad
1442 818 1581 858 septem
1599 824 1691 860 per-

332 872 472 907 venisse
492 878 633 907 certum
662 877 725 906 est.
745 871 968 918 Plerumque
991 869 1089 904 enim
1115 869 1328 917 septemviri
1355 871 1560 916 epulonum
1584 884 1690 908 com—

333 938 593 968 memorantur.
615 933 786 977 Quanam
803 943 894 966 vero
922 930 968 966 de
988 942 1121 976 causa,
1148 936 1184 965 et
1203 941 1223 964 a
1254 942 1331 977 quo
1351 930 1397 965 sit
1420 943 1597 968 numerus
1626 933 1693 969 iste

332 994 509 1029 adauctus
527 993 709 1029 incertum
727 998 791 1028 est.
812 993 952 1027 Munus
964 991 1114 1027 illorum
1127 991 1198 1026 fuit
1214 991 1374 1038 publicis
1387 992 1506 1040 epulis
1520 1005 1694 1041 praeesse,

333 1068 415 1102 quae
444 1054 582 1105 scilicet
610 1054 649 1090 in
678 1052 775 1088 ludis
803 1052 963 1101 publicis
986 1053 1271 1100 praebebantur5
1290 1059 1332 1087 ut
1360 1065 1405 1088 ex
1433 1054 1614 1090 Cicerone
1647 1056 1694 1090 de

335 1117 553 1163 Aruspicum
572 1115 757 1164 responsis
770 1114 968 1163 colligitur.
994 1115 1131 1149 PETAv.

382 1177 468 1212 Cn.
492 1177 579 1212 XX.
592 1179 789 1223 Annosque
798 1183 905 1210 natus
924 1188 1033 1210 unum
1046 1183 1081 1210 et
1091 1175 1228 1224 viginti
1244 1172 1436 1225 (Crassus).
1449 1177 1590 1211 Auctor
1606 1175 1694 1213 libri

330 1238 377 1271 de
400 1237 529 1271 Caust's
552 1244 730 1283 corruptoe
748 1238 966 1284 eloquentia?
989 1235 1104 1270 habet
1129 1236 1225 1270 unde
1243 1235 1400 1282 viginta}
1429 1236 1535 1283 quod
1559 1236 1696 1283 praefe-

330 1304 418 1332 runt
436 1297 637 1333 Lambinus
662 1304 699 1333 et
719 1297 908 1342 Pearcius,
927 1297 1214 1332 reclamantibus
1238 1296 1408 1332 omnibus
1426 1296 1539 1331 libris.
1553 1297 1646 1331 ERN.

384 1360 470 1394 Cn.
491 1359 593 1393 XXI.
623 1359 713 1392 Hoec
736 1369 843 1400 vero,
864 1370 949 1405 quae
967 1365 1052 1392 sunt
1076 1358 1113 1392 in
1134 1357 1205 1406 ph.
1217 1383 1229 1400 ‚
1264 1358 1419 1404 ingeniis
1445 1365 1625 1392 eruuntur.
1652 1357 1696 1393 Id

333 1426 404 1463 est,
425 1418 464 1453 in
489 1418 619 1453 ceteris
645 1419 787 1453 artibus
815 1424 956 1453 tantum
982 1418 1022 1453 id
1046 1418 1198 1463 scimus,
1227 1417 1333 1465 quod
1364 1417 1561 1453 didicimus
1584 1430 1592 1453 :
1620 1419 1696 1453 ele-

332 1486 454 1514 menta
472 1491 561 1513 vero
573 1505 582 1522 ‚
607 1479 682 1512 sive
707 1477 891 1524 principia
909 1479 1153 1523 philosophiae
1176 1485 1309 1514 natura
1328 1478 1437 1514 nobis
1456 1478 1607 1523 inserit;
1627 1478 1694 1526 qui

331 1539 485 1587 ingeniis
510 1537 624 1572 acutis
652 1543 688 1571 et
715 1536 861 1571 acribus
884 1535 1031 1582 praediti
1048 1542 1146 1579 sunt,
1174 1536 1280 1572 facile
1305 1549 1346 1572 ea
1376 1549 1458 1584 quae
1479 1538 1693 1584 probabilia

333 1605 418 1634 sunt
443 1597 481 1633 in
504 1596 740 1645 philosophia
760 1595 948 1631 invenient
956 1609 966 1640 ;
987 1602 1043 1640 et,
1068 1595 1099 1630 si
1120 1595 1232 1631 iidem
1259 1596 1298 1631 in
1324 1597 1484 1632 dicendo
1505 1598 1696 1634 exercitati

333 1666 438 1705 sunt,
457 1671 500 1695 ea
519 1657 689 1694 oratione
710 1657 909 1693 ornabunt.
930 1659 1066 1692 Pmnc.

385 1719 706 1767 Pamphilumque.
726 1718 934 1754 Multorum
951 1717 1064 1764 hujus
1076 1716 1236 1752 nominis
1248 1716 1413 1752 meminit
1431 1717 1574 1754 Suidas.
1595 1717 1700 1753 Inter

334 1787 494 1825 ceteros,
526 1778 724 1827 quemdam
754 1784 1020 1814 commemorat
1041 1777 1188 1813 incertae
1213 1777 1362 1825 patriae,
1387 1777 1670 1826 Amphipoliten
1684 1805 1695 1824 ,

334 1842 392 1877 vel
417 1841 638 1889 Sicyoneum
650 1868 660 1886 ‚
678 1841 738 1876 vel
755 1839 1014 1886 Nicopoliten‚
1033 1839 1319 1887 philosophum,
1339 1839 1406 1887 qui
1426 1839 1472 1875 de
1489 1839 1637 1887 pictura
1662 1845 1699 1874 et

335 1902 537 1937 illustribus
561 1901 770 1949 pictoribus
796 1900 952 1948 scripsit.
972 1899 1086 1945 Quod
1116 1899 1268 1947 quidem
1298 1900 1385 1935 huic
1416 1899 1607 1947 Pamphilo
1635 1911 1700 1934 ac-

336 1963 612 1999 commodatum
630 1969 703 2007 est,
723 1961 812 2010 quia
831 1968 867 1998 et
885 1962 946 1998 hic
969 1962 1008 1997 in
1026 1960 1172 2006 infulis,
1190 1961 1231 1996 id
1260 1968 1331 2007 est,
1350 1961 1470 1997 fasciis
1495 1960 1696 1997 oratoriam

336 2037 482 2060 omnem
512 2030 645 2069 artem,
676 2023 783 2071 quasi
812 2022 971 2071 puerilia
1005 2021 1229 2069 crepundia,
1259 2022 1490 2069 depinxerat.
1523 2023 1573 2056 At
1598 2021 1694 2056 enim

335 2085 549 2132 Nicopolita
572 2097 648 2120 esse
671 2097 749 2120 non
768 2085 913 2132 potuit,
934 2096 1050 2131 quum
1068 2083 1144 2119 haec
1163 2084 1253 2119 urbs
1272 2084 1318 2119 ab
1346 2085 1516 2130 Augusto
1544 2082 1697 2117 condita

336 2146 382 2181 sit
401 2152 488 2193 post
505 2146 679 2181 actiacam
695 2146 901 2181 victoriam.
913 2147 1048 2180 Pnuv.
1065 2165 1118 2172 —
1136 2146 1167 2181 J.
1194 2146 1238 2180 V.
1268 2146 1310 2180 L.
1330 2144 1482 2190 conjicit
1508 2143 1608 2179 illam
1632 2155 1695 2179 ar-

337 2214 410 2241 tem
445 2207 482 2241 in
511 2205 637 2251 zhfulc's
664 2205 847 2254 depictam
870 2206 1023 2241 similem
1050 2205 1161 2242 fuisse
1190 2205 1288 2241 ludis
1317 2204 1387 2240 illis
1419 2203 1602 2240 historicis
1630 2210 1695 2239 aut

337 2266 610 2315 geographicis,
631 2266 767 2314 quibus
787 2267 886 2314 apud
905 2280 972 2303 nos
989 2267 1098 2315 pueri
1114 2266 1325 2313 historiam,
1344 2264 1608 2314 geographiam
1628 2263 1695 2299 do-

338 2334 478 2372 centur,
497 2328 544 2362 ab
564 2339 686 2374 eoque
704 2328 894 2375 Pamphilo
908 2328 1081 2378 dogmata
1099 2327 1292 2363 rhetoricae
1310 2327 1349 2362 in
1368 2325 1494 2361 infulis
1507 2324 1692 2372 descripta

338 2388 457 2425 fuisse.
477 2391 534 2425 De
556 2401 602 2424 eo
620 2388 694 2424 vid.
714 2390 864 2435 Aius-r„
885 2390 1086 2432 lili-etone,
1111 2401 1165 2433 11,
1191 2389 1258 2433 23,
1285 2395 1322 2423 et
1345 2391 1550 2434 quur1n.‚
1563 2398 1637 2431 111,
1656 2385 1691 2420 6.

338 2450 433 2485 LEM,
452 2471 503 2477 —
522 2451 567 2484 In
586 2447 710 2494 insulis
733 2457 872 2486 tantam
876 2478 934 2487 .....
957 2451 1158 2498 depingere
1176 2447 1335 2496 explicat
1358 2447 1557 2484 Turnebus
1584 2458 1691 2482 com-

338 2510 522 2546 mentariis
542 2510 616 2546 suis
633 2510 672 2546 in
697 2512 799 2546 Orat.
820 2520 943 2547 contra
969 2513 1130 2548 Rullum.
1151 2512 1273 2546 (ΞΡ-υτ.

390 2574 476 2607 CAP.
508 2573 650 2607 XXIII.
684 2572 865 2619 Magister
893 2574 952 2608 hic
987 2572 1213 2608 Samnitium.
1244 2574 1432 2616 Quantum
1462 2569 1509 2604 ab
1533 2566 1594 2611 iis,
1625 2564 1692 2613 qui
