1843 3166
357 206 401 247 !,8
871 202 932 235 DF
964 200 1195 234 ORATORF

357 300 401 333 ut
437 289 617 349 proferri
649 289 840 348 juberet,
882 286 1115 345 prmsertini
1154 284 1184 324 si
1224 298 1333 323 esses
1368 280 1586 323 famniliaris
1616 293 1623 317 2
1659 282 1711 322 si-

356 370 512 413 militer
538 386 654 411 nune
684 377 802 427 petes
828 384 851 409 a
876 369 1055 419 Crasso,
1088 374 1133 406 ut
1161 379 1254 405 eam
1291 362 1455 420 copiam
1489 375 1714 401 ornamen-

358 460 500 493 torum
532 463 732 502 suorum,
768 462 898 505 quam
929 452 1222 486 constructam
1253 456 1341 483 uno
1374 440 1415 481 in
1449 437 1564 493 loeo,
1591 439 1714 496 quasi

358 547 432 590 per
460 539 738 572 transennam
764 533 1069 586 proetereuntes
1096 522 1278 565 strictim
1303 520 1565 580 aspeximus,
1590 518 1632 560 iu
1653 516 1717 559 lu-

357 626 448 654 eem
476 608 685 668 proferat,
711 616 751 650 et
777 621 855 649 suo
879 604 1070 664 quidque
1096 602 1138 644 in
1163 600 1258 644 loeo
1286 599 1478 643 collocet.

421 693 515 750 Ego
536 705 655 743 vero,
679 687 819 746 inquit
844 686 997 740 Cotta,
1024 700 1048 726 a
1070 692 1110 725 te
1134 691 1253 741 pete,
1276 678 1463 723 Scaevola
1482 695 1491 721 :
1512 694 1579 721 me
1603 677 1718 720 enim

359 779 402 814 et
436 770 551 812 hune
583 766 824 826 Sulpicium
858 763 1036 824 impedit
1066 761 1208 822 pudor
1237 760 1289 803 ab
1323 759 1497 803 homine
1526 758 1720 801 omnium

362 849 639 912 gravissimo,
665 848 738 907 qui
771 861 905 906 genus
936 841 1186 903 hujusmodi
1217 838 1521 900 disputationis
1553 853 1721 896 semper

362 929 690 989 contempserit,
706 927 817 982 haec,
837 940 930 984 quae
954 924 1021 966 isti
1045 922 1226 965 forsitan
1250 936 1487 980 puerorum
1511 917 1722 961 elementa

367 1010 609 1063 videantur,
633 1007 871 1066 exquirere.
901 1003 983 1047 Sed
1008 1013 1054 1046 tu
1086 1003 1168 1045 hoe
1191 1001 1315 1044 nobis
1341 999 1414 1056 da,
1441 997 1651 1054 Scaevola,
1681 1007 1724 1040 et

365 1089 542 1150 persice,
570 1097 617 1130 ut
641 1088 824 1129 Crassus
854 1084 965 1138 haec,
997 1097 1092 1142 quae
1123 1081 1361 1124 coarctavit
1394 1090 1435 1123 et
1464 1088 1725 1140 peranguste

363 1169 531 1214 refersit
554 1168 598 1210 in
623 1166 820 1209 oratione
842 1180 942 1218 sua,
972 1161 1123 1204 dilatet
1147 1160 1271 1204 nobis
1300 1170 1429 1219 atque
1453 1158 1650 1220 explicet.

428 1251 521 1310 Ego
551 1243 819 1300 mehercule,
847 1243 990 1303 inquit
1031 1242 1227 1297 Mucius,
1260 1250 1386 1284 antea
1420 1250 1561 1284 vestra
1592 1240 1727 1300 magis

368 1332 450 1374 hoc
473 1343 601 1373 causa
630 1324 846 1381 volebam,
873 1339 1005 1385 quam
1031 1339 1140 1366 mea.
1171 1324 1326 1381 Neque
1356 1321 1471 1364 enim
1501 1330 1729 1380 tantopere

366 1411 477 1454 hanc
511 1426 535 1453 a
563 1410 720 1453 Crasso
749 1406 1086 1466 disputationem
1112 1401 1426 1457 desiderabam,
1459 1410 1726 1460 quantopere

368 1491 460 1550 ejus
482 1490 527 1532 in
548 1489 688 1532 causis
707 1487 903 1532 oratione
923 1483 1138 1528 delector:
1165 1498 1281 1525 nunc
1301 1498 1423 1537 vero,
1443 1483 1615 1535 Crasse,
1636 1497 1732 1524 mea

370 1586 544 1630 quoque
566 1568 695 1612 etiam
720 1582 848 1610 causa
872 1581 1000 1625 rogo,
1025 1573 1072 1606 ut
1096 1563 1302 1622 quoniam
1331 1570 1500 1605 tantum
1524 1562 1732 1605 habemus

370 1651 472 1706 otii,
510 1657 725 1709 quantum
756 1644 923 1706 jamdiu
951 1644 1075 1687 nobis
1111 1659 1200 1686 non
1230 1643 1437 1703 contigit,
1465 1659 1519 1686 ne
1541 1642 1734 1703 graveris

369 1729 630 1775 exaedificare
655 1727 699 1771 id
724 1742 853 1788 opus⁷
881 1723 999 1785 quod
1022 1723 1264 1768 instituisti.
1290 1725 1492 1766 Formam
1523 1723 1639 1766 enim
1667 1731 1733 1766 to-

372 1812 456 1854 tius
474 1809 636 1870 negotii
653 1808 857 1868 opinione
875 1805 1104 1865 majorem,
1118 1802 1427 1863 melioremque
1442 1802 1587 1859 video3
1605 1819 1736 1863 quam

373 1891 647 1933 vehementer
670 1888 824 1948 probo.

433 1971 639 2013 XXXVI.
669 1969 924 2023 Enimvero,
951 1968 1096 2026 inquit
1121 1968 1322 2021 Crassus,
1348 1966 1494 2008 mirari
1518 1965 1620 2008 satis
1648 1980 1736 2007 non

373 2066 504 2110 queo,
528 2050 657 2093 etiam
678 2058 719 2091 te
738 2048 852 2103 haec,
877 2045 1088 2102 Scaevola,
1105 2045 1367 2101 desiderare,
1387 2061 1482 2104 quae
1501 2061 1641 2104 neque
1657 2060 1738 2105 ego

376 2141 521 2185 teneo,
551 2129 616 2171 uti
640 2128 689 2182 ii,
720 2127 794 2186 qui
823 2125 1004 2181 docent3
1029 2142 1169 2185 neque
1198 2135 1300 2169 sunt
1322 2125 1414 2185 ejus
1445 2125 1631 2185 generis,
1670 2134 1738 2181 ut,

375 2211 409 2253 si
431 2210 593 2269 optime
616 2217 826 2261 tenerem,
850 2206 980 2267 digna
1003 2216 1144 2250 essent
1170 2206 1249 2248 ista
1267 2206 1477 2265 sapientia
1495 2222 1543 2249 ac
1558 2206 1643 2248 tuis
1662 2221 1734 2248 au-

377 2290 508 2333 ribus.
533 2289 618 2332 Ain
645 2287 720 2331 tu?
743 2287 885 2346 inquit
903 2286 985 2329 ille.
1010 2288 1053 2330 Si
1073 2286 1125 2329 de
1143 2287 1234 2329 istis
1254 2285 1558 2330 communibus
1581 2295 1623 2328 et
1646 2301 1741 2344 per-

378 2368 542 2429 vagatis
583 2368 652 2410 vix
688 2367 791 2410 huie
826 2367 939 2410 aetati
973 2365 1235 2409 audiendum
1266 2375 1417 2425 putas,
1454 2366 1640 2408 etiamne
1668 2364 1740 2407 illa

380 2446 594 2508 negligere
626 2462 877 2506 possumus,
919 2462 1013 2505 quae
1044 2455 1090 2488 tu
1126 2445 1287 2487 oratori
1319 2443 1617 2504 cognoscenda
1651 2459 1740 2486 esse

379 2526 551 2582 dixisti,
579 2526 631 2569 de
649 2526 817 2568 naturis
843 2526 1088 2580 hominum,
1119 2525 1171 2567 de
1196 2525 1408 2579 moribus,
1429 2523 1481 2567 de
1498 2523 1739 2566 rationibus

381 2607 453 2662 iis,
479 2606 635 2665 quibus
661 2606 887 2647 hominum
915 2614 1076 2648 mentes
1098 2615 1139 2646 et
1166 2605 1452 2646 incitarentur
1474 2612 1515 2645 et
1539 2603 1741 2662 reprime-
