1843 3166
324 189 332 209 ι
348 175 365 207 ἶ
377 189 391 209 2.
839 179 899 213 DE
931 178 1130 213 ORATOR
1141 178 1166 211 F.

319 263 551 324 appellavi,
577 262 715 316 locos,
743 281 789 306 cx
811 262 968 322 quibus
996 262 1140 304 omnia
1167 260 1217 303 ad
1242 276 1414 302 omnem
1440 259 1686 303 orationem

320 347 494 388 inventa
523 344 758 388 ducuntur.

380 428 521 485 Atque
540 426 621 468 hoe
642 436 781 468 totum
806 435 865 467 est
894 427 981 467 sive
1003 426 1128 480 artis,
1156 426 1243 467 sive
1270 421 1654 466 animadversionis
1670 456 1679 474 ,

320 506 408 549 sive
435 506 782 558 consuetudinis,
807 522 931 548 nosse
960 506 1172 565 regiones,
1194 505 1306 546 intra
1331 520 1435 562 quas
1463 518 1617 545 venere
1640 512 1679 544 et

320 587 604 646 pervestiges,
628 586 744 645 quod
769 602 949 645 quwras.
978 585 1063 627 Ubi
1084 601 1182 627 eum
1207 583 1348 627 locum
1369 600 1541 626 omnem
1568 584 1681 643 cogi-

318 666 481 708 tatione
500 665 682 725 sepseris
698 698 708 717 ,
739 665 772 706 si
790 664 919 707 modo
935 680 1058 706 usum
1087 680 1231 706 rerum
1251 661 1549 722 pei-callueris,
1574 662 1679 705 nihil

319 755 358 788 te
385 744 583 805 effugiet,
610 755 740 803 atque
764 761 913 800 omne,
939 744 1056 803 quod
1078 745 1154 786 erit
1183 746 1224 786 in
1251 759 1312 796 re,
1332 753 1532 786 occurret
1555 753 1680 802 atque

319 824 490 868 incidet.

381 906 564 949 XXXV.
602 908 650 947 El
678 906 757 953 sie,
783 923 918 964 quum
942 905 995 948 ad
1013 904 1319 948 inveniendum
1344 903 1585 947 indicendo
1602 904 1682 946 tria

320 985 654 1040 sint3acumen,
679 985 832 1028 deinde
850 987 983 1039 ratio,
1000 1002 1129 1044 quam
1146 984 1243 1028 licet
1271 985 1333 1040 (si
1357 983 1582 1043 volumus)
1605 1001 1681 1044 ap-

317 1063 526 1123 pellemus
542 1074 699 1120 artem,
722 1066 896 1108 tertium
912 1064 1135 1126 diligentia
1159 1082 1166 1107 :
1188 1081 1275 1108 non
1290 1082 1466 1125 possum
1482 1064 1679 1124 equidem

319 1161 404 1186 non
424 1145 598 1205 ingenio
612 1146 773 1205 primas
785 1145 1022 1188 concedere
1036 1163 1047 1200 3
1062 1144 1136 1188 sed
1153 1155 1293 1188 tamen
1307 1146 1446 1205 ipsum
1462 1145 1682 1205 ingenium

317 1223 534 1284 diligentia
551 1226 677 1268 etiam
701 1241 751 1267 ex
766 1225 969 1268 tarditate
984 1226 1147 1268 incitat.

382 1302 639 1365 Diligentia,
675 1307 877 1365 inquam,
917 1321 1014 1365 quae
1045 1322 1179 1365 quum
1215 1306 1417 1349 omnibus
1453 1307 1496 1349 in
1533 1307 1682 1362 rebus,

321 1394 414 1428 tum
439 1385 483 1426 in
509 1386 646 1428 causis
676 1385 954 1430 defendendis
982 1386 1220 1447 plurimum
1248 1386 1375 1431 valet.
1405 1391 1506 1431 Haec
1532 1390 1683 1448 praeci-

321 1482 405 1525 pue
437 1464 619 1508 colenda
659 1476 720 1509 est
754 1467 902 1523 nobis3
945 1467 1035 1511 haec
1076 1484 1244 1529 semper
1275 1468 1548 1526 adhibenda3
1594 1470 1684 1512 haec

321 1543 427 1586 nihil
456 1553 518 1587 est
544 1544 662 1604 quod
689 1562 777 1588 non
803 1557 1072 1606 assequatur.
1099 1550 1241 1592 Causa
1267 1558 1314 1591 ut
1344 1550 1514 1608 penitus
1531 1583 1542 1605 ,
1567 1550 1685 1609 quod

322 1623 446 1666 initio
483 1623 600 1680 dixi,
647 1635 750 1668 nota
789 1626 870 1682 sit,
914 1626 1137 1688 diligentia
1174 1638 1262 1684 est3
1306 1639 1354 1672 ut
1391 1629 1685 1674 adversarium

322 1712 486 1746 attente
513 1702 760 1759 audiamus,
789 1714 918 1765 atque
941 1716 989 1749 ut
1015 1707 1107 1766 ejus
1138 1724 1227 1750 non
1256 1707 1395 1752 solum
1427 1712 1684 1765 sententias,

325 1782 396 1826 sed
436 1784 565 1827 etiam
606 1784 738 1827 verba
782 1786 927 1829 omnia
972 1787 1234 1848 excipiamus
1251 1822 1262 1842 ‚
1310 1787 1456 1833 vultus
1498 1790 1685 1851 denique

321 1865 629 1924 perspiciamus
655 1881 827 1922 omnes,
859 1867 932 1925 qui
959 1882 1109 1910 sensus
1133 1868 1265 1911 animi
1292 1869 1546 1931 pler-umque
1572 1872 1684 1915 indi-

322 1954 441 2000 cant,
470 1944 692 2006 diligentia
713 1956 789 1989 est.
819 1946 869 1989 Id
895 1957 1038 1991 tamen
1072 1947 1393 1994 dissimulanter
1426 1951 1590 2009 facere,
1631 1969 1685 1996 ne

321 2024 401 2067 sibi
430 2023 501 2068 ille
524 2025 687 2085 aliquid
712 2027 922 2086 proficere
949 2028 1160 2084 videatur,
1188 2030 1418 2091 prudentia
1441 2043 1517 2076 est.

383 2106 552 2149 Deinde
575 2117 624 2150 ut
652 2108 695 2149 in
728 2108 778 2151 iis
810 2107 940 2162 locis,
974 2126 1083 2169 quos
1114 2128 1355 2172 proponam
1392 2113 1539 2174 paullo
1567 2124 1682 2174 post,

322 2183 601 2245 pervolvatur
625 2188 816 2242 animus,
852 2199 900 2232 ut
926 2205 971 2232 se
991 2191 1164 2249 penitus
1196 2193 1383 2237 insinuet
1413 2195 1457 2237 in
1488 2211 1682 2250 causam,

323 2274 372 2308 ut
390 2266 445 2308 sit
470 2282 573 2309 cura
601 2277 643 2310 et
668 2270 930 2329 cogitatione
954 2274 1170 2328 intentus,
1193 2273 1413 2334 diligentia
1432 2285 1518 2332 est;
1546 2284 1593 2317 ut
1617 2275 1683 2320 his

323 2344 450 2388 rebus
472 2345 694 2404 adhibeat,
722 2359 928 2411 tanquam
950 2352 1096 2397 lumen
1116 2353 1312 2415 aliquod,
1339 2357 1610 2413 memoriam,
1636 2366 1685 2399 ut

323 2441 472 2469 vocem
487 2461 498 2481 ,
524 2437 572 2471 ut
585 2429 696 2472 vires
719 2447 727 2472 :
749 2430 838 2474 haec
856 2448 1013 2492 magna
1035 2444 1147 2477 sunt.

385 2508 506 2551 Inter
530 2508 749 2569 ingenium
786 2512 960 2571 quidem
989 2523 1032 2556 et
1067 2513 1336 2575 diligentiam
1368 2515 1685 2576 perpaullulum

325 2585 408 2629 loci
428 2587 645 2648 reliquum
671 2600 733 2633 est
747 2592 843 2634 arti.
859 2594 940 2636 Ars
964 2592 1232 2638 demonstrat
1247 2604 1417 2639 tantum
1436 2630 1447 2651 ,
1476 2597 1550 2640 ubi
1570 2614 1686 2657 quae-
