1843 3166
300 170 368 202 302
780 165 842 198 DE
871 164 1115 199 ORATORE.

296 248 508 288 prospectus
521 267 530 283 ‚
544 246 598 283 et,
623 246 662 273 ut
683 239 740 273 ille
758 240 910 286 putabat
923 266 932 282 ,
958 239 1194 273 mutabantur
1212 238 1368 284 lumina,
1393 251 1459 274 nec
1483 247 1559 274 tum
1578 241 1626 277 ita

295 308 413 343 eraut,
436 300 490 334 uti
508 300 545 334 in
563 300 744 346 mancipio
764 312 804 334 ea
829 299 1043 334 Bucculeius
1061 306 1258 345 receperat.
1285 301 1421 335 Pmnc.

349 362 559 396 Clarissima
585 361 639 395 M.
671 361 769 395 Curii
795 372 918 394 causa.
947 360 1134 406 Coponius
1155 360 1303 406 quidam
1332 361 1489 396 moriens
1514 373 1628 408 quum

295 434 444 456 uxorem
464 421 648 469 gravidam
670 428 832 467 putaret,
852 419 982 464 filium,
1007 420 1070 466 qui
1096 432 1131 454 se
1151 427 1298 454 mortuo
1323 429 1545 467 nasceretur,
1566 435 1627 457 re—

294 482 400 529 liquit
417 482 604 524 heredem
627 481 886 527 substituitque
908 480 958 514 illi
977 480 1146 514 heredem
1170 481 1368 515 secundum
1390 484 1439 516 M.
1462 482 1629 527 Curium,

294 556 335 578 ea
359 542 587 584 conditione,
614 549 654 575 ut
684 543 734 576 M.
763 541 893 576 Curius
918 548 1008 575 esset
1026 541 1146 583 hcres,
1166 540 1194 574 si
1219 539 1312 575 filius
1330 549 1520 587 postumus
1547 549 1630 577 ante

294 610 506 646 moreretur,
526 614 636 648 quam
666 602 721 636 sui
746 602 837 648 juris
857 609 958 637 essct.
983 602 1145 636 Decessit
1163 601 1316 636 subinde
1337 603 1541 648 Coponius;
1567 603 1631 638 sed

295 675 406 709 quum
426 675 520 696 uxor
533 664 610 707 ejus
628 674 751 697 revera
766 662 915 709 gravida
933 674 1008 695 non
1027 669 1136 705 esset,
1155 662 1275 695 nullus
1294 662 1326 695 ei
1345 670 1449 697 natus
1469 670 1520 697 est
1535 662 1630 698 filius

293 730 492 769 postumus.
522 722 649 756 Statim
680 723 730 755 M.
759 721 964 767 Coponius,
988 728 1140 768 agnatus
1165 721 1318 765 mortui,
1340 723 1439 768 apud
1459 731 1628 757 centum—

293 784 389 817 viros
416 783 504 830 egit,
530 789 571 816 ut
597 781 664 816 sibi
686 781 808 815 liceret
829 780 1067 815 hereditatem
1087 780 1187 815 adire
1210 793 1218 815 τ
1238 788 1420 816 oratorem
1445 790 1479 817 et
1499 791 1627 829 patro-

291 856 377 876 num
410 843 541 889 delegit
566 843 610 886 Q.
641 841 849 875 Scaevolam.
879 841 1016 875 Contra
1046 841 1097 874 M.
1135 841 1284 883 Curius,
1315 841 1496 876 secundus
1527 843 1630 878 heres

291 910 504 937 testamento
523 902 683 946 relictus,
703 901 770 935 sibi
783 901 874 935 hanc
893 900 1129 935 hereditatem
1154 901 1379 946 postulabat,
1400 913 1442 935 eo
1461 902 1629 946 nomine,

292 963 395 1008 quod
418 963 522 997 heres
546 962 670 996 fuisset
692 961 894 1005 institutus,
913 960 942 994 si
971 967 1162 1006 postumus
1182 967 1264 995 ante
1282 967 1499 1005 moreretur,
1519 974 1630 1008 quam

291 1030 413 1069 posset
431 1035 497 1068 per
521 1029 659 1056 aetatem
683 1035 700 1056 e
726 1021 858 1055 tutoris
882 1020 1048 1055 custodia
1074 1027 1109 1055 et
1132 1028 1311 1067 potestate
1330 1021 1452 1065 exire;
1478 1023 1629 1068 perinde

291 1090 409 1117 autem
434 1095 529 1127 esse,
565 1083 667 1129 quod
697 1083 816 1116 nullus
844 1081 968 1115 fuisset
996 1088 1203 1127 postumus,
1238 1094 1279 1116 ac
1307 1082 1335 1117 si
1366 1089 1472 1117 natus
1503 1095 1630 1118 revera

291 1143 401 1187 foret,
421 1155 461 1178 ac
480 1150 646 1177 mortuus
666 1149 749 1177 ante
769 1150 910 1188 tempus
929 1148 1063 1188 apatre
1083 1142 1332 1177 constitutum.
1344 1143 1432 1177 Erat
1445 1144 1544 1178 Curii
1561 1156 1630 1191 pa-

293 1210 418 1237 tronus
447 1204 486 1239 L.
513 1204 680 1246 Crassus,
700 1215 809 1249 quem
830 1202 957 1237 Cicero
986 1214 1084 1236 nunc
1113 1203 1323 1248 loquentem
1343 1202 1439 1237 facit.
1466 1205 1509 1248 Q.
1530 1204 1628 1239 Scae-

291 1264 373 1297 vola
392 1262 528 1309 scripto
547 1264 754 1298 nitebatur:
770 1263 853 1296 Haec
873 1274 946 1296 esse
966 1262 1077 1296 verba
1097 1262 1319 1306 testamenti,
1341 1269 1383 1296 ut
1401 1262 1531 1297 Curius
1544 1270 1607 1297 tan
1619 1283 1630 1289 -

294 1329 369 1355 tum
401 1323 504 1357 heres
536 1331 649 1367 esset,
677 1323 705 1357 si
740 1329 930 1368 postumus
959 1328 1042 1356 ante
1067 1328 1205 1356 certum
1235 1329 1377 1368 tempus
1400 1329 1629 1365 moreretur3

294 1382 388 1415 mori
416 1394 500 1416 eum
523 1395 600 1416 non
623 1395 729 1427 posse
756 1382 820 1428 qui
844 1389 950 1416 natus
968 1394 1043 1415 non
1062 1382 1124 1426 sit3
1144 1389 1271 1416 natum
1294 1395 1371 1417 non
1391 1394 1466 1417 esse
1495 1389 1629 1429 postu—

291 1453 407 1483 mum;
434 1441 557 1487 itaque
589 1442 826 1476 hereditatem
853 1443 903 1475 M.
935 1442 1126 1487 Coponio,
1150 1443 1353 1489 agnationis
1369 1443 1471 1488 jure,
1491 1443 1630 1477 adscri-

291 1500 447 1534 bendam
468 1513 562 1544 esse,
586 1512 661 1535 non
679 1504 730 1535 Μ.
757 1501 869 1536 Curio
882 1528 892 1544 ,
914 1501 978 1547 qui
998 1501 1209 1535 conditione
1234 1503 1435 1536 testamenti
1455 1503 1629 1537 exclude—

290 1566 402 1594 retur.
430 1561 576 1594 Crassus
596 1567 740 1603 contra,
759 1561 983 1593 voluntatem
1003 1560 1100 1604 ejus,
1114 1561 1179 1605 qui
1198 1568 1451 1595 testamentum
1471 1561 1627 1606 fecisset,

291 1630 331 1653 ac
372 1619 496 1666 scripti
526 1619 738 1654 sententiam
773 1618 1004 1664 spectandam
1037 1630 1111 1652 esse
1146 1620 1410 1663 contendebat,
1445 1633 1521 1654 non
1551 1621 1629 1667 ipsa

291 1681 420 1723 verba,
445 1686 478 1713 et
511 1679 629 1725 apices
656 1679 791 1725 scripti.
820 1680 922 1712 Hanc
951 1678 1059 1712 fuisse
1085 1685 1241 1712 mentem
1266 1680 1463 1724 testatoris,
1483 1680 1512 1714 si
1533 1679 1629 1715 filius

293 1740 359 1773 sibi
386 1752 460 1773 non
487 1746 596 1783 esset,
622 1739 686 1786 qui
711 1739 951 1773 hereditatem
977 1745 1166 1784 paternam
1193 1739 1331 1781 adiret,
1359 1747 1400 1773 ut
1427 1742 1477 1774 M.
1498 1742 1628 1776 Curius

292 1799 392 1831 heres
411 1806 511 1832 esset.
529 1800 680 1833 Causam
700 1799 859 1833 obtinuit
883 1800 923 1832 L.
945 1800 1112 1842 Crassus,
1128 1805 1169 1832 ut
1186 1799 1297 1832 refert
1318 1799 1443 1834 Cicero
1455 1827 1464 1844 ,
1480 1800 1517 1833 in
1531 1800 1627 1834 Ora—

291 1857 386 1890 tione
402 1870 475 1903 pro
496 1859 663 1900 Coecitm,
688 1871 716 1893 c.
746 1859 799 1893 18.
820 1861 950 1893 Pnusr.

342 1918 425 1952 Car.
447 1919 526 1952 XL.
555 1918 695 1964 Capitis
719 1918 842 1952 nostri.
867 1920 982 1953 Causa
1005 1918 1133 1963 eapitis
1163 1918 1264 1964 apud
1289 1919 1474 1953 Romanos
1503 1931 1544 1953 ea
1569 1920 1627 1954 di-

290 1978 450 2021 cebatur,
470 1976 507 2010 in
531 1990 601 2023 qua
623 1979 797 2024 agebatur
824 1978 868 2012 de
888 1985 1000 2012 status
1018 1979 1236 2022 mutatione,
1265 1978 1339 2012 sive
1364 1978 1490 2024 capitis
1515 1979 1626 2013 dimi-

290 2037 451 2071 nutione.
471 2037 618 2083 Triplex
638 2045 690 2072 est
708 2045 827 2072 autem
840 2037 966 2084 capitis
986 2038 1179 2073 diminutio
1207 2052 1214 2073 :
1235 2038 1405 2082 maxima,
1427 2051 1541 2085 quum
1560 2040 1627 2074 ali-

290 2096 370 2141 quis
390 2098 494 2132 simul
514 2104 549 2131 et
567 2098 748 2132 civitatem
777 2105 811 2132 et
829 2098 1031 2132 libertatem
1053 2099 1183 2133 amittit
1204 2112 1212 2133 :
1232 2100 1363 2143 minor,
1383 2099 1456 2133 sive
1483 2100 1602 2135 media
1615 2129 1625 2146 ,

289 2167 403 2203 quum
422 2156 544 2190 civitas
571 2157 719 2203 quidem
743 2158 936 2201 amittitur,
956 2158 1102 2193 libertas
1121 2172 1209 2194 vero
1234 2159 1412 2194 retinetur
1432 2159 1601 2195 2minima
1614 2188 1624 2205 ‚

289 2227 402 2261 quum
422 2223 455 2249 et
475 2216 597 2250 civitas
620 2224 655 2250 et
670 2218 813 2252 libertas
838 2218 1049 2263 retinentur,
1069 2220 1131 2254 sed
1151 2227 1261 2254 status
1279 2219 1434 2254 hominis
1456 2232 1624 2254 commu—

288 2282 396 2309 tatur.
419 2276 577 2311 Maxima
596 2289 738 2311 servum
765 2278 863 2321 facit3
886 2278 1004 2313 media
1017 2306 1026 2322 ,
1046 2280 1296 2327 peregrinum,
1323 2279 1487 2324 minima,
1507 2279 1623 2315 filium

289 2337 459 2381 familias,
478 2340 535 2372 vel
562 2340 863 2384 patremfamilias.
903 2341 1143 2386 Justinianus,
1164 2344 1304 2385 Italic„
1325 2342 1387 2376 lib.
1417 2355 1451 2387 1,
1478 2342 1533 2378 tit.
1564 2342 1620 2377 16.

288 2399 417 2432 Pnusr.
444 2398 538 2433 Vide
565 2401 709 2443 GAmM,
738 2413 771 2444 1,
802 2403 892 2437 Inst.
934 2401 1114 2445 158-1633
1144 2405 1277 2447 pann,
1309 2403 1349 2437 ff.
1386 2415 1435 2446 11,
1459 2403 1505 2436 de
1529 2403 1619 2450 Cap.

288 2457 371 2490 min.
385 2470 399 2499 ,·
418 2459 576 2492 ULPIAN.
589 2486 599 2497 ‚
621 2471 672 2503 11,
691 2461 774 2506 Reg.
800 2472 875 2495 10-1
889 2475 924 2505 13
944 2464 1110 2496 Momm.
1123 2490 1133 2507 ,
1154 2463 1191 2497 ff.
1218 2463 1289 2507 6-7.

338 2519 482 2553 Etenim
499 2520 551 2553 sic
565 2520 602 2554 C.
622 2521 842 2556 Mancinum.
869 2524 906 2557 C.
926 2521 1100 2558 Hostilius
1126 2524 1337 2561 Mancinus,
1363 2523 1489 2558 consul
1522 2533 1618 2557 anno
