1843 3166
353 184 364 206 ι
377 172 421 207 56
862 179 925 214 DE
952 179 1188 214 ORATORE

410 259 719 305 Verumtamen
742 261 956 322 (utdicis,
986 262 1171 321 Antoni)
1195 261 1378 305 multum
1394 262 1438 305 in
1454 263 1591 306 causis
1606 279 1703 322 pcr-

348 352 457 397 saepc
495 340 641 401 lepore
675 352 715 385 ct
750 342 911 386 facetiis
942 342 1092 403 profiei
1131 341 1229 388 vidi.
1265 341 1349 385 Scd
1384 358 1519 401 quum
1551 342 1593 384 in
1631 341 1704 384 illo

351 435 508 480 genere
530 432 745 481 pci'pctuae
769 422 1008 466 festivitatis
1032 440 1099 467 ars
1121 441 1206 466 non
1233 420 1502 468 desideretur
1528 420 1705 482 (natura

353 499 465 541 enim
488 499 610 560 fingit
635 502 828 545 homines
848 511 888 545 et
910 512 1026 546 creat
1047 504 1285 546 imitatores
1313 513 1356 546 et
1378 510 1623 545 narratores
1646 499 1708 543 fa-

352 588 466 621 cetos
482 612 492 632 ‚
516 589 557 621 et
581 579 702 624 vultu
721 581 972 640 adjuvante,
995 591 1037 624 ct
1056 599 1178 638 voce,
1200 592 1241 625 ct
1261 583 1352 641 ipso
1373 597 1529 641 genere
1548 593 1708 621 sermo-

353 659 467 717 nis);
493 668 583 702 tum
605 677 707 704 vcro
735 662 778 704 in
801 661 882 704 hoc
905 660 1040 704 altcro
1063 661 1323 717 dicacitatis,
1352 660 1456 720 quid
1484 659 1616 703 habet
1636 673 1706 701 ars

353 736 454 791 loci,
480 754 614 796 quum
641 748 741 782 autc
774 738 878 782 illud
905 739 1091 782 facetum
1121 739 1286 782 dictum
1318 740 1521 781 emissum
1547 738 1709 781 haerere

353 816 522 872 debeat,
546 834 675 877 quam
703 820 883 878 cogitari
907 820 1098 879 potuisse
1126 817 1355 862 videatur?

414 898 534 953 Quid
566 901 681 941 enim
712 899 779 942 hic
806 915 926 942 meus
954 899 1086 942 frater
1117 899 1170 942 ab
1197 908 1287 942 arte
1316 898 1510 959 adjuvari
1544 899 1710 959 potuit,

352 993 484 1035 quum
508 994 531 1020 a
550 977 750 1038 Philippo
775 980 1086 1038 interrogatus,
1105 979 1209 1038 quid
1232 978 1436 1022 latraret?
1452 998 1472 1019 «
1492 981 1649 1022 Furem
1669 995 1712 1022 se

353 1056 531 1099 videre»
566 1057 799 1117 respondit.
841 1058 961 1115 Quid
996 1060 1039 1101 in
1069 1060 1187 1101 omni
1212 1059 1409 1101 oratione
1436 1060 1616 1102 Crassus
1646 1056 1712 1101 vel

353 1135 468 1195 apud
492 1138 785 1181 centumviros
811 1147 961 1181 contra
987 1137 1221 1181 Scaevolam
1239 1171 1250 1192 ,
1275 1136 1343 1180 vel
1367 1146 1518 1180 contra
1542 1153 1714 1181 accusa-

353 1227 491 1260 torem
511 1219 713 1274 Brutum,
733 1235 869 1277 quum
896 1234 974 1278 pro
999 1219 1080 1262 Cn.
1103 1216 1262 1260 Planco
1291 1215 1483 1260 diceret?
1505 1218 1618 1260 Nam
1645 1215 1687 1259 id
1703 1249 1714 1271 ,

354 1297 470 1356 quod
498 1307 543 1340 tu
567 1298 673 1340 mihi
696 1298 875 1354 tribuis,
899 1299 1084 1354 Antoni,
1108 1299 1264 1341 Crasso
1292 1306 1373 1352 est,
1400 1296 1596 1339 omnium
1619 1311 1713 1338 sen-

356 1378 515 1434 tentia,
548 1378 885 1421 concedendum.
923 1380 1024 1422 Non
1063 1379 1178 1421 enim
1212 1376 1301 1420 fere
1333 1377 1560 1436 quisquam
1594 1392 1716 1436 repe-

358 1459 508 1511 rietur,
524 1468 680 1518 praeter
697 1459 815 1502 hunc
827 1492 838 1514 ,
863 1460 907 1501 in
927 1468 1111 1518 utroque
1129 1474 1287 1518 genere
1308 1456 1465 1517 leporis
1483 1455 1714 1512 excellenS‚

356 1547 396 1580 ct
416 1536 513 1593 illo,
540 1538 658 1597 quod
681 1540 725 1580 in
754 1539 1043 1598 perpetuitate
1073 1538 1304 1593 sermonis,
1328 1547 1371 1580 et
1390 1537 1497 1593 hoc,
1525 1536 1642 1596 quod
1671 1536 1715 1579 in

358 1617 577 1661 celeritate
601 1628 730 1677 atque
757 1618 873 1661 dicto
899 1627 977 1662 est.

421 1700 534 1742 Nam
556 1699 645 1742 haec
659 1708 868 1759 perpetua
885 1708 1035 1742 contra
1052 1698 1486 1744 ScaevolamCuriana
1499 1696 1690 1741 defensio
1703 1731 1715 1752 ,

359 1788 448 1821 tota
468 1778 727 1822 redundavit
738 1778 956 1821 hilaritate
968 1778 1154 1838 quadam
1167 1789 1208 1822 et
1218 1781 1340 1838 joco3
1361 1777 1474 1822 dicta
1489 1777 1560 1820 illa
1572 1777 1719 1820 brevia

360 1876 446 1902 non
468 1859 634 1903 habuit.
660 1859 870 1902 Parcebat
890 1860 1007 1902 enim
1032 1858 1262 1903 adversarii
1292 1858 1492 1918 dignitati
1521 1875 1530 1899 :
1564 1857 1608 1899 in
1632 1872 1719 1916 quo

360 1940 451 1999 ipse
474 1939 672 1982 servabat
694 1955 840 1995 suam3
869 1937 987 1998 quod
1008 1948 1072 1981 est
1091 1937 1342 1981 hominibus
1362 1937 1510 1980 facetis
1535 1946 1576 1979 et
1604 1936 1720 1979 dica-

359 2019 483 2063 cibus
506 2018 829 2074 difficillimum,
857 2019 1018 2062 habere
1052 2019 1280 2062 hominum
1306 2019 1517 2060 rationem
1551 2026 1593 2059 et
1616 2026 1722 2060 tem-

361 2117 516 2160 porum
531 2134 542 2156 ,
568 2110 611 2142 et
630 2115 697 2154 ea,
718 2115 813 2158 quae
833 2108 1085 2155 occurrant,
1110 2115 1243 2158 quum
1267 2097 1495 2141 salsissime
1515 2095 1601 2139 dici
1620 2112 1721 2156 pos-

361 2181 465 2237 sint,
493 2190 651 2223 tenere.
676 2181 827 2239 Itaque
851 2178 1050 2223 nonnulli
1074 2177 1245 2222 ridiculi
1264 2178 1460 2221 homines
1477 2178 1560 2220 hoc
1580 2177 1723 2237 ipsum

363 2277 449 2303 non
475 2259 635 2303 insulse
665 2260 1015 2319 interpretantur.
1041 2261 1198 2304 Dicere
1224 2260 1339 2303 enim
1364 2259 1486 2302 aiunt
1504 2258 1693 2302 Ennium
1712 2291 1724 2313 ,

364 2359 383 2380 α
401 2339 615 2382 flammam
641 2355 665 2382 a
702 2340 893 2399 sapiente
921 2339 1089 2383 facilius
1117 2356 1191 2383 ore
1226 2340 1271 2382 in
1304 2337 1482 2381 ardente
1512 2338 1723 2398 opprimi,

364 2435 494 2478 quam
520 2419 633 2462 bona
657 2419 768 2462 dicta
794 2429 962 2463 teneat:
986 2440 1006 2460 n
1034 2419 1121 2463 haec
1146 2418 1309 2463 scilicet
1336 2419 1470 2474 bona,
1497 2434 1591 2477 quae
1617 2417 1725 2461 salsa

365 2500 473 2555 sint3
501 2515 599 2541 nam
624 2514 671 2541 ea
697 2498 809 2542 dicta
830 2498 1103 2559 appellantur
1124 2500 1302 2560 proprio
1317 2500 1406 2559 jam
1426 2498 1611 2543 nomine.

428 2581 518 2623 LV.
563 2579 643 2622 Sed
666 2589 712 2622 ut
734 2580 776 2622 in
804 2578 1035 2623 Scaevolam
1063 2582 1279 2624 continuit
1300 2596 1347 2623 ea
1368 2582 1546 2623 Crassus
1601 2592 1726 2642 atquc
