1843 3166
301 184 372 222 214
823 179 885 212 DE
913 177 1148 212 oRA'rossE

299 264 486 319 Ennius,
530 263 759 317 Pacuvius,
802 261 1030 319 Attiusque
1073 257 1325 313 dissimiles3
1373 273 1503 316 quam
1543 256 1657 316 apud

299 345 474 386 Graecos
513 341 759 402 AEscliylus,
809 339 1068 401 Sophocles,
1117 337 1366 397 EuripideS,
1408 352 1658 396 quanquam

300 422 499 465 omnibus
538 438 616 481 par
654 438 773 482 paene
814 420 907 464 laus
947 422 989 463 in
1029 417 1226 462 dissimili
1257 415 1472 460 scribendi
1506 431 1659 476 genere

301 503 526 546 tribuatur.

363 581 581 643 Adspicitc
600 599 715 626 nunc
737 599 808 626 eos
830 582 1027 625 homines
1048 590 1178 639 atque
1196 578 1451 632 intuemini,
1475 593 1661 636 quorum

301 661 353 705 de
393 658 595 705 facultate
631 664 891 721 quaerimus,
933 660 1038 720 quid
1078 659 1249 702 intersit
1288 659 1400 701 inter
1440 666 1663 703 oratorum

301 741 442 784 studia
459 751 588 801 atque
610 751 799 785 naturas.
827 742 1093 784 Suavitatem
1116 740 1352 794 Isocrates,
1379 737 1663 785 subtilitatem

299 822 471 881 Lysias,
497 837 677 865 acumen
699 819 962 881 Hyperides,
991 820 1183 862 sonitum
1210 818 1453 877 AEschines,
1472 823 1560 865 vim
1579 824 1680 876 De„

298 904 545 949 mosthencs
564 900 715 944 habuit
734 922 743 947 :
765 906 860 964 quis
878 918 1030 947 corum
1050 919 1137 945 non
1154 896 1382 963 egregius?
1406 911 1549 946 tamen
1571 903 1665 964 quis

298 985 556 1044 cujusquam
579 984 658 1026 nisi
694 985 760 1027 sui
786 982 965 1027 similis?
993 983 1262 1027 Gravitatem
1282 983 1534 1039 Africanus,
1562 982 1668 1026 leni-

297 1071 428 1106 tatem
460 1063 637 1118 Laelius,
677 1065 958 1126 asperitatem
993 1063 1153 1119 Galba,
1197 1063 1417 1124 profluens
1457 1049 1682 1124 quiddam*

298 1143 451 1187 habuit
484 1145 628 1189 Carbo
658 1154 699 1189 et
733 1161 943 1188 canorum
975 1163 983 1188 ε
1024 1145 1120 1204 quis
1151 1145 1308 1188 horum
1341 1161 1430 1188 non
1463 1144 1666 1205 princeps

299 1226 569 1285 temporibus
596 1225 679 1270 illis
703 1226 817 1270 fuit?
854 1236 897 1270 et
927 1242 1005 1270 suo
1038 1236 1183 1269 tamen
1213 1226 1399 1286 quisque
1430 1226 1474 1269 in
1509 1241 1669 1287 genere

297 1306 511 1367 princeps„

361 1388 479 1430 VIII.
519 1387 601 1432 Sed
631 1388 738 1448 quid
775 1404 855 1449 ego
891 1397 1033 1431 vetera
1069 1388 1349 1448 conquiram,
1385 1404 1523 1447 quum
1560 1388 1667 1431 mihi

296 1464 424 1510 liceat
457 1469 522 1511 uti
547 1469 833 1529 praesentibus
869 1467 1075 1529 exemplis
1112 1478 1241 1528 atque
1277 1468 1414 1512 vivis?
1454 1468 1574 1525 Quid
1596 1469 1667 1529 ju-

298 1546 483 1591 cundius
508 1549 686 1592 auribus
713 1550 874 1594 nostris
902 1565 1096 1608 unquam
1126 1549 1284 1592 accidit
1310 1549 1440 1609 hujus
1470 1549 1668 1593 oratione

298 1628 475 1672 Catuli?
502 1646 599 1690 quae
618 1640 682 1673 est
709 1647 819 1691 pura
844 1630 927 1686 sic,
954 1638 1002 1672 ut
1026 1627 1160 1672 latine
1188 1628 1307 1689 loqui
1329 1645 1449 1689 paene
1470 1628 1586 1673 solus
1606 1630 1669 1673 vi-

297 1707 477 1766 deatur3
503 1711 563 1754 sic
581 1720 725 1756 autem
746 1711 910 1772 gravis,
935 1718 984 1754 ut
1004 1710 1047 1752 in
1066 1707 1274 1769 singulari
1296 1708 1509 1770 dignitate
1528 1710 1670 1754 omnis

298 1799 442 1833 tamen
481 1791 594 1835 adsit
629 1792 880 1835 humanitas
918 1808 968 1835 ac
1009 1789 1141 1852 lepos.
1183 1789 1305 1845 Quid
1333 1789 1502 1834 multa?
1540 1787 1686 1833 istum'

297 1870 476 1915 audiens
502 1872 704 1932 equidem
733 1874 793 1916 sic
814 1872 1012 1933 judicare
1035 1869 1175 1926 soleo,
1208 1870 1421 1930 quidquid
1449 1881 1525 1915 aut
1552 1869 1686 1939 addi-2

298 1951 433 2008 deris,
462 1962 537 1997 aut
561 1955 818 2011 mutaveris,
854 1964 930 1997 aut
960 1952 1221 2009 detraxeris,
1255 1952 1453 1997 vitiosius
1481 1961 1523 1995 et
1547 1951 1671 1995 dete-

296 2032 388 2075 rius
408 2032 621 2076 futurum.

361 2111 482 2168 Quid
507 2122 654 2156 noster
681 2114 750 2158 hie
782 2115 953 2158 Caesar?
993 2132 1140 2159 nonne
1170 2131 1327 2158 novam
1349 2113 1583 2174 quamdam
1605 2129 1673 2157 ra-

297 2191 460 2234 tionem
480 2191 631 2236 attulit
654 2194 886 2251 orationis,
913 2204 955 2239 et
979 2195 1152 2239 dicendi
1177 2211 1312 2257 genus
1340 2193 1517 2238 induxit
1538 2210 1674 2255 prope

298 2269 550 2329 singulare?
591 2272 702 2328 Quis
739 2289 935 2335 unquam
970 2291 1065 2330 res,
1112 2284 1268 2336 praeter
1301 2274 1449 2330 hunc,
1491 2274 1674 2334 tragicas

298 2365 421 2409 paene
451 2352 635 2407 comice,
676 2355 819 2397 tristes
850 2357 1048 2410 remisse,
1090 2371 1259 2398 severas
1290 2352 1448 2411 hilare,
1483 2353 1674 2397 forenses

299 2430 468 2475 scenica
499 2449 636 2493 prope
667 2444 891 2479 venustate
916 2436 1143 2492 tractavit,
1181 2444 1311 2495 atque
1338 2437 1418 2488 ita,
1459 2443 1509 2478 ut
1532 2449 1674 2494 neque

299 2510 422 2569 jocus
449 2514 748 2573 magnitudine
770 2532 919 2560 rerum
942 2514 1262 2571 excluderetur,
1293 2531 1371 2559 nec
1397 2514 1584 2575 gravitas
1608 2513 1673 2557 fa-

301 2591 420 2634 cetiis
446 2593 747 2637 minueretur?
