1843 3166
386 172 427 203 27
439 167 455 201 f.
904 161 967 195 DE
996 161 1231 196 ORATORE

384 244 681 304 gravissimus,
707 255 747 288 et
773 246 814 287 in
844 245 926 288 hoe
952 254 1041 288 toto
1073 245 1243 289 dicendi
1271 245 1412 288 studio
1437 245 1725 290 difficillimus.

447 324 767 380 Quamobrem,
791 325 995 383 quoniam
1013 324 1064 367 de
1091 335 1248 368 ornatu
1274 326 1389 367 omni
1409 325 1614 368 orationis
1628 334 1729 368 sunt

384 419 556 457 omues,
582 405 615 446 si
645 420 730 446 non
764 403 990 462 patefacti,
1028 414 1069 446 at
1105 413 1219 447 certe
1256 405 1580 447 commonstrati
1617 403 1725 447 loci:

382 499 520 538 nunc,
549 484 651 543 quid
677 493 824 543 aptum
857 484 931 538 sit,
959 484 1039 527 hoc
1062 494 1142 539 est,
1172 484 1275 543 quid
1299 485 1480 527 maxime
1507 483 1654 527 deceat
1682 484 1725 527 in

382 563 600 616 oratione,
638 563 867 606 videmnus.
905 563 1164 622 Quanquam
1191 563 1233 606 id
1262 563 1435 622 quidem
1456 564 1727 623 perspicuum

384 652 466 697 est,
507 659 592 685 non
628 644 743 685 omni
781 658 936 698 causae,
980 658 1057 685 nec
1087 642 1295 695 auditori,
1338 659 1476 702 neque
1508 659 1724 702 personae,

382 736 518 778 neque
545 722 727 779 tempori
751 737 989 780 congruere
1010 721 1215 763 orationis
1235 737 1370 763 unum
1390 738 1537 781 genus.

444 801 553 842 Nam
584 810 624 842 et
657 816 791 843 causae
817 801 965 859 capitis
990 799 1120 842 alium
1148 799 1376 858 quemdam
1403 802 1631 846 verborum
1660 820 1726 847 so-

380 896 482 922 num
510 880 755 938 requirunt,
783 878 914 922 alium
942 896 1085 922 rerum
1128 881 1391 939 privatarum
1416 890 1545 940 atque
1578 898 1726 941 parva-

380 976 498 1015 rum3
522 970 563 1002 et
586 959 700 1002 aliud
724 960 893 1003 dicendi
914 976 1046 1019 genus
1069 959 1411 1015 deliberationes,
1439 960 1554 1004 aliud
1579 961 1726 1006 lauda-

379 1040 535 1093 tiones,
561 1039 676 1082 aliud
693 1039 877 1098 judicia,
915 1039 1032 1082 aliud
1064 1056 1299 1095 sermones,
1323 1040 1441 1083 aliud
1465 1040 1724 1095 consolatio,

377 1118 493 1161 aliud
518 1120 780 1180 objurgatio,
807 1119 921 1163 aliud
942 1119 1197 1179 disputatio,
1221 1119 1338 1163 aliud
1357 1120 1535 1163 historia
1559 1120 1724 1165 deside·

377 1209 456 1242 rat.
484 1200 635 1242 Refert
659 1201 810 1254 etiam,
834 1199 906 1259 qui
929 1198 1125 1254 audiant,
1147 1208 1336 1255 senatus,
1359 1215 1413 1242 an
1441 1199 1652 1259 populus,
1669 1216 1722 1243 an

373 1278 563 1336 judices,
589 1279 852 1339 frequentes,
883 1296 936 1322 an
964 1280 1112 1339 pauci,
1131 1296 1184 1322 an
1209 1278 1388 1339 singuli3
1410 1289 1452 1323 et
1477 1279 1621 1338 quales
1641 1281 1722 1339 ipsi

376 1374 547 1417 quoque
582 1369 790 1414 oratores,
828 1376 910 1417 qua
942 1361 1025 1402 sint
1058 1368 1207 1413 aetate,
1249 1360 1437 1415 honore,
1465 1360 1723 1403 auctoritate

377 1434 521 1496 [debet
548 1437 730 1499 videri];
760 1449 924 1497 tempus
964 1439 1077 1498 pacis
1111 1454 1164 1480 an
1199 1437 1322 1494 belli,
1356 1438 1639 1484 festinationis
1667 1456 1721 1483 an

374 1518 464 1558 otii.

434 1598 583 1654 Itaque
618 1596 699 1637 hoc
726 1595 820 1637 loco
859 1594 964 1636 nihil
991 1610 1092 1637 sane
1118 1604 1201 1650 est,
1241 1597 1357 1653 quod
1396 1599 1569 1658 praecipi
1598 1616 1721 1658 posse

372 1674 583 1728 videatur,
599 1675 679 1717 nisi
699 1683 742 1716 ut
761 1674 943 1733 figuram
961 1673 1166 1716 orationis
1182 1672 1411 1732 plenioris,
1432 1686 1475 1719 et
1489 1678 1695 1722 tenuioris
1708 1713 1719 1734 ,

374 1763 415 1797 et
434 1755 532 1796 item
554 1753 665 1796 illius
685 1753 934 1808 mediocris,
964 1753 1017 1796 ad
1041 1752 1104 1809 id,
1127 1753 1244 1813 quod
1258 1755 1448 1814 agimus,
1475 1773 1719 1803 accommo-

374 1834 518 1876 datam
555 1833 790 1894 deligamus
819 1850 828 1876 :
865 1835 1126 1877 ornamentis
1159 1833 1307 1877 iisdem
1340 1836 1402 1878 uti
1429 1835 1516 1880 fere
1552 1836 1716 1895 licebit,

373 1913 476 1957 alias
494 1915 758 1970 contentius,
781 1912 883 1956 alias
901 1914 1190 1968 sulnmissius3
1214 1916 1418 1974 omnique
1442 1916 1486 1958 in
1506 1933 1552 1959 re
1572 1934 1714 1977 posse,

373 1994 490 2053 quod
520 1994 691 2048 deceat,
723 1993 883 2043 facere,
918 1993 1021 2036 artis
1055 2003 1097 2036 et
1132 2003 1295 2037 naturae
1328 2004 1413 2050 est;
1451 1996 1575 2052 scire,
1611 1997 1714 2056 quid

373 2073 629 2132 quandoque
649 2072 815 2126 deceat,
832 2072 1081 2131 prudentiae.

435 2153 547 2194 LVI.
574 2151 656 2194 Sed
682 2152 770 2194 haec
795 2152 886 2209 ipsa
910 2152 1051 2194 onmia
1084 2153 1261 2212 perinde
1294 2164 1413 2210 sunt,
1439 2165 1487 2198 ut
1511 2165 1714 2216 aguntur.

372 2232 513 2285 Actio,
528 2231 723 2288 inquam,
745 2230 788 2271 in
803 2229 983 2273 dicendo
1000 2247 1085 2274 una
1101 2231 1367 2277 dominatur:
1395 2235 1485 2278 sine
1501 2235 1580 2279 hac
1597 2252 1714 2280 sum-

373 2327 465 2353 inus
489 2319 634 2352 orator
653 2325 742 2351 esse
766 2309 808 2351 in
831 2325 1012 2352 numero
1036 2309 1154 2355 nullo
1179 2322 1344 2372 potest3
1369 2314 1615 2370 mediocris,
1636 2316 1715 2359 hac

373 2391 627 2443 instructus,
651 2404 836 2431 summos
862 2405 969 2449 saepe
993 2406 1208 2449 superare.
1234 2393 1343 2436 Huic
1364 2394 1523 2452 primas
1549 2393 1713 2438 dedisse

373 2468 683 2512 Demosthenes
718 2467 885 2524 dicitur,
913 2486 1046 2528 quum
1081 2481 1320 2530 rogaretur,
1344 2473 1447 2532 quid
1466 2473 1509 2515 in
1530 2473 1710 2517 dicendo

374 2558 480 2591 esset
498 2549 704 2608 primum3
725 2548 826 2591 huie
844 2549 1071 2605 secundas,
1090 2551 1191 2594 huic
1211 2554 1364 2596 tertias.
1385 2554 1486 2609 Quo
1501 2555 1605 2598 mihi
1626 2570 1713 2598 me·
