1843 3166
330 166 340 187 ι
353 166 368 196 7
377 157 396 194 l,
843 153 907 187 DE
936 153 1136 188 ORATOR
1143 153 1170 186 E

324 236 498 280 solitum
521 235 681 290 dicere,
704 257 723 276 «
742 240 786 280 l'.
809 237 1071 280 Mummium
1096 235 1231 277 cuivis
1255 235 1438 294 tempori
1462 234 1682 279 hominem

324 334 468 360 esse.»
500 318 569 361 Sic
603 316 796 377 profecto
829 333 896 360 rcs
937 333 980 359 se
1014 315 1167 369 habet,
1211 312 1380 357 nullum
1419 323 1466 356 ut
1500 314 1554 356 sit
1588 314 1684 357 vitae

327 408 513 458 tempus,
546 399 587 440 in
623 413 710 457 quo
751 413 836 440 non
870 395 1020 440 deceat
1057 395 1247 454 leporem
1283 394 1684 452 humanitatemque

328 478 503 521 versari.

388 558 471 601 Sed
500 557 628 601 redeo
657 557 711 600 ad
742 566 897 600 cetera.
937 559 1013 600 Est
1043 556 1143 599 huic
1170 555 1404 599 finitimum
1440 553 1687 597 dissimula·

326 640 459 693 tioni,
501 655 636 698 quum
672 638 850 681 honesto
883 637 1014 680 verbo
1049 636 1201 679 vitiosa
1229 652 1296 678 res
1325 633 1603 695 appellatur:
1640 645 1687 678 ut

326 736 459 777 quum
491 719 722 763 Africanus
756 734 908 761 censor
944 717 1061 760 tribu
1095 716 1296 759 movebat
1335 731 1433 758 eum
1472 714 1690 758 centurio-

290 827 295 833 ·
328 816 445 855 nem,
474 800 548 859 qui
578 800 621 841 in
658 797 795 842 Paulli
830 814 975 858 pugna
1005 814 1092 839 non
1122 795 1333 851 affuerat,
1368 811 1502 854 quum
1539 794 1609 838 ille
1647 811 1690 838 se

326 880 530 924 custodiae
556 896 683 923 causa
710 879 873 922 diceret
903 879 946 921 in
975 878 1127 920 castris
1154 875 1428 928 remansisse,
1459 885 1691 934 quaereret-

325 977 428 1020 que,
455 977 532 1003 cur
553 960 606 1003 ab
635 976 686 1002 co
712 968 966 1002 notaretur:
998 958 1140 1002 «Non
1164 972 1284 1013 amo,
1313 956 1475 1016 inquit,
1508 955 1689 999 nimium

326 1040 564 1101 diligentes.
586 1059 606 1080 »

389 1124 574 1164 Acutum
607 1120 739 1163 etiam
774 1117 883 1163 illud
914 1128 999 1174 est,
1041 1134 1176 1178 quum
1206 1134 1258 1161 ex
1289 1115 1464 1161 alterius
1497 1116 1693 1160 oratione

326 1199 445 1243 aliud
469 1200 683 1260 excipias,
711 1209 840 1259 atque
864 1197 934 1242 ille
960 1197 1080 1254 vult,
1115 1207 1162 1242 ut
1184 1197 1419 1242 Salinatori
1445 1197 1665 1240 Maximus
1682 1230 1693 1251 ,

327 1298 483 1340 quum,
507 1283 697 1325 Tarento
719 1281 898 1337 amisso,
924 1295 1067 1323 arcem
1087 1287 1234 1322 tamen
1256 1278 1406 1321 Livius
1427 1277 1695 1331 retinuisset,

326 1360 551 1421 multaque
574 1377 627 1404 ex
649 1377 698 1404 ea
727 1359 874 1420 praelia
902 1358 1114 1420 proeclara
1136 1358 1333 1414 fecisset,
1366 1374 1503 1418 quum
1528 1356 1696 1417 aliquot

331 1451 425 1500 post
453 1458 590 1484 annos
612 1441 832 1484 Maximus
859 1439 903 1483 id
926 1439 1138 1500 oppidum
1159 1439 1412 1499 recepisset,
1437 1447 1696 1498 rogaretque

328 1537 427 1564 eum
455 1519 687 1576 Salinator,
714 1530 762 1563 ut
792 1521 1080 1573 meminisset,
1119 1535 1251 1579 opera
1285 1535 1362 1562 sua
1389 1534 1434 1561 se
1457 1520 1696 1561 Tarentum

327 1601 537 1661 recepisse
550 1617 561 1656 ;
582 1619 603 1640 (ι
619 1599 814 1657 Quidni,
836 1600 996 1659 inquit,
1017 1598 1319 1642 meminerim?
1338 1615 1562 1659 nunquam
1582 1599 1694 1642 enim

325 1681 602 1740 recepissem,
629 1680 711 1723 nisi
736 1690 781 1723 tu
802 1679 1073 1740 perdidisses.
1093 1698 1113 1720 ))

389 1762 500 1804 Sunt
521 1761 650 1803 etiam
677 1758 751 1804 illa
776 1759 1069 1818 subabsurda,
1098 1760 1172 1803 sed
1194 1776 1245 1803 eo
1271 1761 1364 1820 ipso
1388 1760 1563 1803 nomine
1585 1776 1695 1820 saepe

326 1839 532 1894 ridicula,
561 1857 649 1883 non
675 1839 816 1884 solum
840 1841 983 1885 mimis
1006 1840 1309 1901 perapposita,
1340 1840 1414 1884 sed
1434 1841 1563 1884 etiam
1586 1856 1695 1900 quo-

326 1919 559 1964 dammodo
583 1921 736 1964 nobis:

432 2061 908 2071 .............
936 2036 1061 2071 Homo
1081 2036 1219 2080 fatuus,

433 2097 626 2143 Postquam
644 2109 723 2132 rem
741 2097 878 2132 habere
897 2098 1027 2144 coepit,
1047 2105 1100 2133 est
1116 2103 1296 2132 mortuus.

469 2216 907 2227 ............
924 2213 976 2218 ——
988 2192 1091 2236 Quid
1111 2199 1163 2227 est
1178 2192 1248 2226 tibi

431 2251 505 2285 Ista
523 2251 678 2287 mulier?
692 2273 743 2279 ——-
755 2253 872 2288 Uxor.
892 2274 935 2280 —-
957 2254 1095 2289 Similis
1114 2253 1256 2290 medius
1275 2253 1397 2289 fidius.

328 2345 380 2387 Et

431 2450 624 2495 Quamdiu
642 2451 689 2490 ad
706 2464 816 2499 aquas
836 2453 925 2499 fuit,
944 2467 1134 2501 nunquam
1152 2461 1206 2490 est
1223 2461 1402 2491 mortuus.

392 2562 593 2604 LXVIII.
635 2562 785 2605 Genus
813 2562 894 2606 hoe
921 2562 1082 2619 levius,
1112 2574 1173 2622 et,
1212 2575 1260 2608 ut
1293 2564 1404 2620 dixi,
1443 2564 1694 2621 mimieum3
