1843 3166
718 197 860 231 LIBER
891 198 937 231 II.
1431 210 1442 230 1
1454 209 1499 243 79

142 278 350 324 laborare.
371 301 390 321 n
419 281 586 324 Salsum
611 291 673 325 est
694 281 847 333 etiam,
878 279 1170 339 quaerentibus
1195 288 1234 321 et
1259 280 1380 338 quasi
1401 295 1500 340 per-

140 362 444 404 cunctantibus
469 361 585 404 lente
609 361 890 422 respondere,
919 359 1035 420 quod
1060 357 1249 402 nollent:
1280 369 1327 402 ut
1349 375 1501 403 censor

139 439 350 500 Lepidus,
376 456 512 500 quum
536 443 596 484 Μ.
620 442 808 485 Antistio
831 440 1035 500 Pyrgensi
1062 454 1222 498 equum
1249 438 1500 496 ademisset,

138 522 355 581 amicique
379 538 515 582 quum
542 520 902 575 vociferarentur,
936 529 978 562 et
999 527 1265 578 quaererent,
1299 518 1403 577 quid
1433 518 1503 561 ille

139 602 250 661 patri
270 618 348 645 suo
368 601 669 662 responderet,
697 617 775 644 cur
795 599 1013 643 ademtum
1039 599 1120 642 sibi
1139 615 1297 658 equum
1318 598 1502 653 diceret,

138 699 275 742 quum
315 683 506 743 optimus
546 681 748 737 colonus,
796 681 1097 742 parcissimuS,
1137 679 1503 733 modestissimus,

138 762 454 823 frugalissimus
470 773 580 807 esset
601 780 609 806 :
630 783 650 803 α
664 765 738 807 Me
754 763 959 816 istorum,
978 760 1141 820 inquit,
1158 758 1263 803 nihil
1280 758 1468 803 credere.
1485 779 1504 800 »

201 841 483 903 Colliguntur
517 860 541 886 a
571 844 736 887 Graecis
771 842 852 886 alia
890 839 1123 895 nonnulla,
1162 840 1503 895 exsecrationes,

137 923 470 980 admirationes,
499 924 771 967 minationes.
808 922 892 967 Sed
921 922 1011 966 haec
1035 923 1126 982 ipsa
1152 922 1280 964 nimis
1313 920 1418 963 mihi
1439 921 1502 962 vi-

137 1004 244 1048 deor
263 1003 397 1047 multa
422 1006 465 1047 in
491 1021 648 1065 genera
674 1004 953 1065 descripsisse
974 1021 983 1046 2
1017 1019 1117 1045 nam
1143 1001 1234 1055 illa,
1261 1018 1356 1062 quae
1383 1001 1505 1044 verbi

136 1085 302 1128 ratione
319 1094 361 1127 et
380 1085 421 1127 vi
444 1086 738 1140 continentur,
761 1094 878 1128 certa
896 1084 983 1128 fere
1002 1099 1051 1126 ac
1071 1081 1249 1125 definita
1266 1091 1390 1135 sunt;
1411 1096 1505 1140 quae

139 1164 419 1225 plerumque,
457 1175 504 1208 ut
536 1175 635 1209 ante
666 1165 780 1221 dixi,
817 1164 985 1208 laudari
1016 1164 1172 1224 magis,
1214 1178 1342 1222 quam
1373 1160 1504 1204 rideri

137 1244 290 1289 solent.

201 1329 302 1370 Haec
323 1337 494 1381 autern,
517 1344 612 1386 quae
633 1337 733 1370 sunt
755 1329 799 1371 in
821 1343 889 1383 re,
913 1336 955 1369 et
976 1327 1020 1368 in
1042 1327 1136 1385 ipsa
1155 1325 1388 1378 sententia,
1413 1337 1508 1380 par-

138 1408 251 1450 1ibus
271 1417 376 1450 sunt
396 1406 755 1461 innumerabilia,
785 1406 1017 1467 generibus
1041 1419 1192 1464 pauca.
1220 1402 1510 1462 Exspectatio-

138 1487 264 1530 nibus
293 1488 408 1530 enirn
433 1486 722 1547 decipiendis,
764 1497 806 1531 et
831 1487 998 1531 naturis
1032 1484 1218 1529 aliorum
1248 1482 1508 1535 irridendis,

137 1569 333 1628 ipsorum
363 1567 546 1612 ridicule
569 1567 837 1621 indicandis,
883 1577 926 1611 et
957 1564 1240 1610 similitudine
1270 1564 1508 1623 turpioris,

137 1657 180 1690 et
203 1647 569 1703 dissimulatione,
599 1658 643 1691 et
671 1646 942 1690 subabsurda
973 1643 1177 1699 dicendo,
1218 1653 1259 1686 et
1284 1642 1415 1686 stulta
1439 1660 1508 1686 re-

139 1727 469 1788 prehendend0‚
500 1729 609 1771 risus
634 1737 879 1771 moventur.
904 1729 1058 1786 Itaque
1081 1723 1340 1768 imbuendus
1364 1733 1428 1767 est
1453 1724 1508 1779 is,

140 1810 216 1868 qui
230 1810 379 1868 jocose
394 1808 488 1852 vult
509 1809 678 1865 dicere,
699 1810 823 1869 quasi
844 1818 1001 1851 natura
1022 1805 1209 1867 quadam
1226 1814 1328 1865 apta
1347 1804 1508 1848 adhaec

141 1906 323 1950 genera,
348 1900 390 1933 et
412 1891 628 1944 moribus,
654 1900 702 1933 ut
723 1889 776 1933 ad
799 1889 1013 1949 cujusque
1037 1886 1155 1929 modi
1177 1901 1313 1945 genus
1334 1884 1509 1928 ridiculi

139 1969 286 2013 vultus
311 1972 441 2013 etiam
467 1971 846 2014 accommodetur:
884 1970 958 2028 qui
990 1967 1167 2027 quidem
1199 1982 1284 2025 quo
1319 1967 1509 2008 severior

141 2060 228 2105 est,
247 2061 291 2094 et
308 2051 489 2105 tristior,
507 2061 556 2095 ut
574 2052 618 2094 in
640 2061 702 2107 te,
734 2053 910 2106 Crasse,
935 2050 1019 2093 hoc
1039 2047 1137 2102 illa,
1166 2063 1261 2105 quae
1282 2045 1507 2102 dicuntur,

141 2129 318 2174 salsiora
337 2131 474 2175 videri
496 2131 648 2175 solent.

207 2210 292 2254 Sed
312 2211 402 2270 jam
424 2221 492 2268 tu,
516 2214 700 2266 Antoni,
721 2213 794 2271 qui
816 2211 900 2255 hoc
923 2211 1171 2255 deversorio
1190 2208 1401 2254 sermonis
1425 2207 1510 2250 mei

143 2290 326 2334 libenter
351 2293 656 2350 acquieturum
681 2301 721 2335 te
745 2308 836 2335 esse
861 2291 1030 2346 dixisti,
1062 2301 1270 2351 tanquam
1292 2290 1336 2332 in
1356 2287 1507 2331 Ponti-

146 2387 249 2413 num
276 2369 533 2427 deverteris,
572 2388 711 2432 neque
738 2388 981 2428 amoenum,
1022 2387 1164 2431 neque
1198 2369 1416 2413 salubrem
1447 2365 1511 2409 lo-

143 2467 264 2505 cum,
294 2467 470 2507 censeo,
499 2461 547 2495 ut
573 2454 674 2495 satis
696 2451 771 2494 diu
793 2461 834 2495 te
854 2461 979 2511 putes
1004 2451 1244 2510 requiesse,
1269 2458 1313 2492 et
1340 2448 1422 2490 iter
1446 2461 1511 2489 re—

144 2529 313 2590 liquum
340 2531 552 2575 conficere
579 2548 745 2592 pergas.

204 2613 372 2672 ——Ego
399 2627 522 2665 vero,
558 2622 687 2672 atque
710 2610 848 2655 hilare
871 2611 1048 2671 quidem
1076 2628 1100 2654 a
1128 2622 1169 2656 te
1194 2620 1414 2670 acceptus,
1443 2608 1510 2650 in-

1246 2708 1312 2734 12.
