1843 3166
736 224 880 258 LIBER
911 224 957 257 ΙΙ.
1461 236 1474 257 1
1484 222 1531 269 89

159 326 308 353 causas
341 327 464 371 posse
493 308 746 363 transferri,
787 307 860 350 sed
891 307 1063 366 penitus
1095 322 1145 348 ex
1173 322 1222 348 ca
1253 323 1405 360 causa,
1437 324 1531 366 quae

160 401 252 434 tum
277 401 447 452 agatur,
475 388 729 432 effloruisse.

223 472 426 514 LXXIX.
451 472 594 513 Omne
616 478 761 512 autem
785 469 1052 528 principium
1075 476 1150 510 aut
1172 468 1233 510 rei
1261 468 1416 522 totius,
1441 484 1534 526 quae

161 561 327 612 agetur,
361 549 726 611 significationem
759 549 918 592 habere
944 547 1139 602 debebit,
1182 557 1259 590 aut
1290 547 1453 590 aditum
1480 546 1534 589 ad

162 647 336 675 causam
375 640 417 674 et
450 630 768 684 munitionem,
809 639 885 672 aut
908 628 1128 689 quoddam
1159 637 1467 671 ornamentum
1495 637 1538 670 et

161 710 431 772 dignitatem.
459 710 542 754 Sed
567 720 762 770 oportet,
790 720 841 754 ut
863 710 1028 754 aedibus
1057 726 1105 754 ac
1129 709 1300 770 templis
1325 707 1539 758 vestibula

163 800 206 835 et
227 790 390 845 aditus,
422 792 482 835 sic
509 792 649 835 causis
679 792 896 852 principia
924 808 1004 851 pro
1026 792 1230 851 portione
1256 807 1402 834 rerum
1433 806 1540 849 prae-

163 887 339 932 ponere.
367 874 520 931 Itaque
549 873 593 914 in
622 872 766 932 parvis
795 881 925 931 atque
948 871 1297 931 infrequentibus
1321 871 1461 914 causis
1486 871 1540 913 ab

165 952 256 1012 ipsa
280 968 326 995 re
350 962 414 995 est
439 951 630 995 exordiri
656 968 767 1012 saepe
788 951 1072 996 commodius.

229 1032 315 1076 Sed
346 1049 483 1092 quum
508 1033 591 1076 erit
622 1032 832 1076 utendum
863 1033 1081 1093 principio
1112 1032 1255 1093 (quod
1282 1030 1542 1093 plerumque

165 1112 296 1173 erit),
321 1123 396 1156 aut
423 1131 474 1157 ex
498 1131 599 1169 reo,
630 1123 706 1157 aut
726 1130 778 1157 ex
810 1113 1078 1167 adversario,
1110 1124 1184 1157 aut
1213 1130 1263 1157 ex
1288 1130 1362 1169 re,
1390 1123 1466 1157 aut
1489 1130 1540 1156 ex

165 1194 245 1248 eis,
261 1193 377 1254 apud
394 1211 503 1254 quos
519 1195 679 1255 agitur,
699 1195 932 1237 sententias
951 1194 1049 1238 duci
1067 1193 1227 1238 licebit.
1251 1197 1315 1238 Ex
1338 1211 1413 1238 reo
1429 1195 1542 1253 (reos

166 1273 358 1334 appello,
383 1291 573 1334 quorum
589 1291 657 1318 res
681 1275 770 1335 est)
785 1308 795 1327 ,
823 1291 919 1334 quae
933 1274 1177 1335 significent
1194 1276 1336 1318 virum
1357 1275 1543 1328 bonum,

166 1371 261 1414 quae
288 1354 535 1411 liberalem,
563 1372 658 1415 quae
682 1354 983 1398 calamitosum
1002 1389 1012 1408 ,
1041 1372 1135 1415 quae
1155 1354 1455 1398 misericordia
1476 1355 1543 1397 di·

166 1452 300 1496 gnum
317 1471 327 1490 ,
358 1453 452 1496 quae
470 1436 642 1480 valeant
664 1445 817 1479 contra
834 1434 988 1497 falsam
1004 1436 1378 1489 criminationem3
1405 1452 1456 1480 ex
1474 1436 1544 1479 ad-

169 1519 378 1572 versario,
403 1516 556 1561 iisdem
578 1534 631 1562 ex
655 1516 762 1561 locis
784 1517 875 1561 fere
897 1518 1134 1561 contraria.

229 1600 293 1641 Ex
316 1615 387 1653 re,
419 1600 453 1642 si
475 1599 687 1652 crudelis,
726 1600 761 1642 si
790 1598 992 1653 infanda,
1021 1599 1055 1641 si
1080 1608 1237 1658 praeter
1266 1599 1516 1659 opinionem
1535 1633 1546 1650 ‚

167 1679 202 1722 si
223 1678 464 1735 immerito,
488 1681 521 1723 si
545 1680 703 1724 misera
718 1714 729 1735 ‚
764 1681 798 1722 si
820 1680 1013 1740 ingrata,
1045 1680 1079 1723 si
1106 1678 1290 1740 indigna
1305 1714 1315 1733 ,
1342 1681 1376 1723 si
1407 1696 1520 1723 nova
1536 1714 1548 1734 ‚

168 1760 203 1802 si
224 1777 318 1820 quae
340 1762 508 1804 restitui
535 1761 766 1820 sanarique
792 1777 879 1803 non
908 1762 1073 1820 possit3
1100 1760 1219 1804 exiis
1236 1771 1382 1804 autem
1398 1796 1408 1813 ‚
1431 1760 1547 1821 apud

168 1857 277 1900 quos
303 1851 470 1902 agetur,
504 1851 552 1885 ut
574 1841 804 1885 benevolos
834 1842 1031 1901 beneque
1062 1843 1358 1886 existimantes
1384 1842 1547 1886 efficia-

169 1938 264 1966 mus
285 1940 294 1966 :
323 1923 441 1983 quod
469 1922 637 1984 agendo
657 1922 847 1967 efficitur
869 1922 1026 1966 melius
1043 1957 1054 1977 ‚
1076 1940 1208 1983 quam
1233 1923 1444 1984 rogando.
1471 1926 1551 1967 Est

171 2003 216 2046 id
239 2003 413 2064 quidem
435 2005 479 2047 in
505 2014 641 2048 totam
668 2005 913 2062 orationem
937 2003 1300 2048 confundendum
1319 2039 1329 2057 ,
1361 2020 1439 2047 nec
1468 2004 1550 2046 mi-

174 2086 289 2129 nime
315 2087 360 2129 in
388 2096 646 2141 extremam,
671 2085 744 2129 sed
769 2095 914 2129 tamen
938 2085 1080 2129 multa
1101 2086 1315 2146 principia
1335 2102 1385 2128 ex
1405 2101 1456 2128 eo
1483 2101 1552 2145 ge-

176 2182 276 2210 nere
293 2167 547 2227 gignuntur.

240 2249 355 2293 Nam
374 2258 416 2292 et
434 2258 651 2293 attentum
673 2258 852 2293 monent
872 2250 1015 2293 Graeci
1036 2259 1084 2292 ut
1105 2250 1322 2309 principio
1342 2248 1550 2292 faciamus

174 2329 364 2390 judicem
381 2363 392 2382 ,
413 2339 455 2372 et
474 2329 659 2374 docilem
683 2347 691 2373 :
717 2346 814 2390 quae
841 2338 943 2372 sunt
964 2328 1111 2381 utilia,
1137 2329 1213 2372 sed
1235 2346 1325 2373 non
1346 2329 1554 2390 principii

177 2413 311 2472 magis
357 2412 537 2471 propria
552 2448 563 2467 ,
600 2429 733 2472 quam
776 2409 1044 2470 reliquarum
1091 2411 1310 2471 partium3
1360 2409 1555 2453 faciliora

177 2494 308 2535 etiam
340 2494 385 2536 in
418 2494 664 2553 principiis,
695 2493 813 2553 quod
837 2502 879 2535 et
909 2492 1066 2535 attenti
1096 2501 1189 2535 tum
1215 2492 1401 2534 maxime
1428 2501 1552 2545 sunt,

178 2590 314 2632 quum
348 2574 496 2616 omnia
531 2583 802 2633 exspectant,
841 2582 882 2616 et
916 2571 1077 2615 dociles
1114 2573 1250 2632 magis
1292 2572 1425 2614 initiis
1466 2588 1553 2615 esse

179 2665 374 2716 possunt.
402 2654 647 2699 Illustriora
674 2655 787 2697 enim
814 2663 933 2708 sunt,
960 2670 1056 2713 quae
1078 2653 1120 2696 in
1148 2652 1395 2712 principiis,
1421 2668 1552 2712 quam

1252 2719 1268 2733 *
