1843 3166
700 255 841 290 LIBER
871 257 896 290 1.
1427 271 1445 292 2
1455 258 1471 290 5

126 353 168 386 ct
185 341 355 395 laetum;
378 339 448 384 sed
470 338 674 399 palaestrae
697 340 831 399 magis
853 349 894 382 et
916 338 1018 394 olei,
1041 355 1168 398 quam
1192 340 1320 400 hujus
1339 341 1471 384 civilis

127 421 263 464 turbae
285 436 333 463 ac
359 419 453 463 fori.

189 501 383 558 Namque
412 507 599 558 egomet,
629 499 703 556 qui
737 513 850 551 sero,
880 513 928 540 ac
955 496 1104 540 leviter
1133 513 1290 558 graecas
1314 496 1474 542 litteras

125 579 376 638 attigissem,
404 586 546 620 tamen
573 593 710 637 quum
736 575 967 636 proconsul
996 578 1038 620 in
1066 575 1259 620 Ciliciam
1284 577 1472 637 proficis-

125 671 222 698 cens
257 655 444 700 Athenas
476 655 713 709 venissem,
748 654 990 715 complures
1028 664 1121 698 tum
1166 655 1222 698 ibi
1258 654 1346 699 dies
1380 672 1473 698 sum

125 744 301 795 propter
321 733 552 794 navigandi
568 733 863 777 difficultatem
883 744 1173 778 commoratus
1197 751 1206 777 ε
1231 734 1324 790 sed,
1343 751 1477 794 quum

124 813 315 874 quotidie
344 831 512 858 mecum
536 813 739 856 haberem
766 814 959 857 homines
987 813 1272 868 doctissimos,
1297 831 1367 857 eos
1391 814 1477 857 fere

125 894 259 954 ipsos,
278 895 352 953 qui
371 894 445 937 abs
461 903 501 937 te
516 892 644 937 modo
663 903 764 937 sunt
782 894 1008 948 nominati,
1028 910 1248 953 quumque
1267 894 1369 948 hoc,
1390 910 1481 936 nes-

125 973 190 1016 cio
219 972 455 1032 quomodo,
480 972 597 1033 apud
628 989 700 1016 eos
727 973 1025 1029 increbuisset,
1055 989 1123 1016 me
1153 973 1197 1016 in
1226 974 1364 1016 causis
1393 990 1477 1016 ma-

121 1051 307 1110 joribus,
323 1052 449 1095 sicuti
472 1061 532 1105 te,
557 1050 691 1095 solere
712 1053 894 1107 versari,
918 1068 998 1112 pro
1023 1068 1066 1095 se
1088 1053 1270 1111 quisque
1292 1061 1340 1095 ut
1361 1061 1477 1111 pote-

124 1139 210 1185 rat,
236 1130 288 1173 de
309 1130 452 1174 officio
478 1140 520 1174 et
538 1131 704 1174 ratione
730 1131 912 1174 oratoris
934 1130 1195 1190 disputabat.

186 1211 355 1252 Horum
378 1208 470 1263 alii,
495 1210 604 1252 sicut
624 1210 701 1251 iste
725 1210 813 1268 ipse
826 1208 1128 1263 Mnesarchus,
1149 1209 1247 1265 hos,
1268 1225 1375 1268 quos
1398 1226 1475 1252 nos

126 1298 315 1332 oratores
351 1304 625 1343 vocaremus,
661 1287 766 1330 nihil
807 1303 896 1330 esse
927 1287 1119 1342 dicebat,
1152 1289 1234 1331 nisi
1270 1288 1477 1347 quosdam

127 1369 366 1429 operarios,
389 1366 536 1427 lingua
563 1365 691 1410 celeri
720 1375 762 1409 et
790 1367 1038 1421 exercitata3
1070 1376 1285 1410 oratorem
1312 1376 1478 1422 autem,

125 1449 207 1491 nisi
230 1448 303 1507 qui
332 1447 498 1507 sapiens
526 1455 654 1502 esset,
684 1462 774 1490 esse
803 1446 1018 1490 neminem
1048 1462 1056 1488 :
1085 1455 1215 1506 atque
1240 1447 1376 1506 ipsam
1396 1444 1479 1489 elo-

125 1536 365 1587 quentiam,
386 1525 502 1586 quod
521 1542 571 1569 ex
590 1526 698 1570 bene
717 1525 886 1569 dicendi
904 1526 1079 1570 scientia
1097 1535 1332 1579 constaret,
1347 1542 1479 1569 unam

126 1605 345 1665 quandam
368 1621 457 1649 esse
480 1606 706 1659 virtutem,
731 1615 773 1648 et
797 1606 871 1664 qui
896 1621 1025 1648 unam
1048 1606 1254 1648 virtutem
1280 1604 1477 1651 haberet.

127 1690 275 1729 omnes
304 1685 482 1740 habere,
516 1701 670 1744 easque
697 1701 786 1728 esse
817 1686 928 1728 inter
963 1701 1006 1728 se
1036 1683 1218 1744 aequales
1247 1693 1289 1727 et
1319 1700 1441 1743 pares
1467 1701 1476 1727 ;

128 1774 206 1820 lta,
228 1765 301 1824 qui
324 1774 432 1808 esset
455 1763 681 1824 eloquens,
709 1780 808 1807 eum
833 1765 1016 1807 virtutes
1039 1780 1186 1807 omnes
1213 1763 1397 1817 habere,
1422 1772 1482 1806 at-

128 1859 211 1903 que
248 1858 337 1886 esse
375 1843 623 1904 sapientem.
658 1841 742 1886 Sed
769 1841 858 1885 haec
889 1851 980 1886 erat
1009 1843 1181 1903 spinosa
1210 1841 1405 1902 quaedam
1441 1851 1482 1885 et

128 1920 245 1965 exilis
270 1923 427 1979 oratio,
452 1920 662 1982 longeque
686 1938 710 1964 a
737 1923 894 1965 nostris
923 1922 1116 1965 sensibus
1138 1921 1409 1965 abhorrebat.

192 2000 456 2045 Charmadas
491 2018 593 2044 vero
623 1999 760 2044 multo
789 2001 964 2044 uberius
992 2000 1141 2044 iisdem
1171 2000 1223 2044 de
1256 2001 1383 2044 rebus
1421 2000 1479 2044 lo·

130 2081 368 2140 quebatur;
392 2097 479 2125 non
503 2097 590 2141 quo
614 2081 799 2141 aperiret
825 2081 1081 2123 sententiam
1103 2097 1224 2123 suam
1249 2081 1343 2140 (hie
1367 2096 1480 2123 enlm

131 2176 223 2203 mos
246 2169 337 2203 erat
370 2161 534 2220 patrius
554 2159 811 2215 Academiae,
839 2159 1054 2203 adversari
1085 2175 1252 2219 semper
1282 2160 1481 2202 omnibus

132 2239 175 2281 in
203 2238 502 2300 disputando),
527 2239 600 2283 sed
621 2256 755 2299 quum
781 2240 965 2282 maxime
988 2248 1132 2282 tamen
1156 2240 1238 2283 hoc
1267 2239 1481 2299 significa-

132 2318 227 2374 bat,
248 2335 340 2374 eos,
359 2319 433 2378 qui
454 2319 647 2363 rhetores
664 2321 1014 2375 nominarentur,
1036 2328 1080 2362 et
1101 2319 1176 2378 qui
1195 2318 1364 2362 dicendi
1383 2335 1483 2379 prae·

133 2406 255 2458 cepta
280 2397 520 2452 traderent,
548 2397 656 2441 nihil
688 2397 814 2458 plane
841 2407 1008 2452 tenere,
1034 2414 1173 2458 neque
1197 2413 1322 2458 posse
1343 2414 1484 2457 quem-

133 2493 262 2536 quam
280 2476 527 2520 facultatem
546 2478 710 2537 assequi
735 2476 924 2532 dicendi,
942 2478 1023 2520 nisi
1040 2478 1113 2537 qui
1127 2475 1482 2537 philosophorum

134 2556 308 2599 inventa
329 2555 556 2600 didicisset.

196 2638 313 2679 XIX.
349 2637 642 2696 Disputabant
656 2647 805 2681 contra
819 2637 964 2681 diserti
978 2638 1191 2691 homines,
1207 2636 1483 2680 Athenienses
