1843 3166
352 153 418 195 t'ft'»
867 153 930 187 ur„
958 152 1196 188 ORATORF.

412 239 566 281 Lxlx.
593 237 711 281 Salsa
739 248 838 281 sunt
865 238 1015 290 etiam,
1043 254 1136 297 qum
1159 236 1321 278 habent
1340 235 1625 294 suspicionem
1648 234 1700 277 ri-

348 317 478 360 diculi
503 318 825 372 absconditam,
857 335 943 379 quo
969 319 1008 360 in
1039 334 1193 377 genere.
1217 328 1278 360 est
1309 315 1413 358 illud
1441 314 1601 368 Siculi,
1632 315 1700 358 cui

348 415 482 457 quum
512 397 732 442 familiaris
759 398 934 458 quidam
958 409 1226 458 quereretur,
1255 397 1369 458 quod
1392 396 1571 450 diceret,
1599 411 1702 438 uxo·

348 495 436 521 rem
465 495 584 521 suam
615 478 885 538 suspendisse
921 495 964 521 se
994 478 1047 521 de
1077 478 1186 532 lieu,
1216 496 1235 517 «
1258 478 1424 521 Amabo
1447 486 1506 531 te,
1535 476 1703 534 inquit,

346 558 400 602 da
416 559 519 601 mihi
541 575 589 601 cx
613 560 689 602 ista
707 559 884 610 arbore,
912 575 1019 618 quos
1035 574 1194 610 seram,
1215 556 1422 601 surculos.
1440 576 1460 597 »
1482 558 1533 598 In
1552 555 1702 598 eodem

349 656 504 699 genere
530 649 614 693 est,
653 638 769 697 quod
808 638 987 683 Catulus
1020 638 1126 680 (lixit
1164 637 1333 680 cuidem
1371 636 1531 680 oratori
1569 633 1703 688 malo;

346 720 418 778 qui
445 734 578 777 quum
603 720 644 761 in
672 719 842 778 epilogo
870 717 1211 761 misericordiam
1235 733 1278 759 se
1305 717 1488 759 movisse
1514 723 1704 775 putaret,

347 809 574 858 postquam
599 798 777 853 assedit,
809 799 974 857 rogavit
998 797 1133 852 hunc,
1162 795 1440 839 videreturne
1466 796 1705 838 misericor-

345 878 459 922 diam
483 880 664 921 movisse
687 896 695 921 :
728 898 747 918 ι(
769 881 832 922 Ac
853 894 1051 938 magnam
1076 877 1274 936 quidem,
1303 877 1464 936 inquit;
1491 876 1704 918 neminem

344 960 459 1002 enim
477 969 583 1019 puto
599 974 687 1001 esse
706 967 790 1001 tam
810 958 990 1012 durum,
1015 958 1083 1000 eui
1106 974 1190 1000 non
1214 958 1352 1000 oratio
1374 966 1446 999 tua
1466 955 1706 999 miseranda

345 1039 431 1081 visa
453 1041 519 1082 sit.
537 1059 556 1079 n

407 1121 479 1161 Me
502 1118 676 1178 quidcm
699 1118 874 1162 hercule
898 1117 1020 1162 valde
1047 1118 1119 1162 illa
1146 1129 1322 1162 movent
1350 1118 1641 1171 stomachosa,
1665 1126 1707 1160 et

343 1200 465 1258 quasi
484 1199 739 1242 submorosa
760 1198 942 1242 ridicula
955 1233 966 1254 ,
986 1216 1121 1259 quum
1137 1216 1224 1242 uon
1241 1215 1264 1242 a
1286 1215 1458 1242 moroso
1474 1197 1704 1242 dicuntur:

345 1289 435 1322 tum
460 1280 573 1322 enim
597 1295 682 1322 non
709 1278 793 1335 sal,
820 1279 894 1322 sed
920 1289 1073 1323 natura
1104 1279 1285 1322 ridetur.
1321 1282 1372 1322 In
1390 1295 1500 1338 quo,
1528 1288 1574 1321 ut
1599 1278 1706 1321 mihi

345 1359 526 1413 videtur,
554 1359 791 1419 persalsum
815 1359 924 1403 illud
945 1370 1009 1403 est
1028 1360 1145 1420 apud
1167 1361 1384 1416 Naevium,

447 1482 882 1492 ............
913 1458 1014 1502 Quid
1032 1458 1175 1504 ploras,
1194 1457 1321 1505 pater?

444 1518 663 1561 —M'u·um‚
682 1519 720 1553 ni
740 1520 902 1554 cantem!
923 1519 1190 1554 condemnatus
1209 1532 1301 1553 sum.

343 1602 455 1644 Huic
482 1602 629 1660 generi
655 1603 776 1660 quasi
803 1603 1072 1645 contrarium
1099 1612 1161 1644 est
1188 1601 1359 1644 ridiculi
1386 1617 1521 1661 genus
1542 1601 1707 1661 patien-

343 1681 395 1723 tis
422 1696 470 1724 ac
495 1679 600 1724 lenti
623 1698 630 1723 :
659 1691 731 1737 ut⁷
766 1697 900 1740 quum
927 1683 1037 1724 Cato
1062 1697 1290 1741 percussus
1318 1690 1427 1724 esset
1452 1681 1505 1723 ab
1533 1696 1604 1736 eo,
1632 1681 1706 1740 qui

341 1776 485 1804 arcam
522 1761 705 1816 ferebat,
747 1778 882 1821 quum
913 1761 983 1805 ille
1012 1762 1195 1817 diceret,
1240 1781 1260 1802 «
1289 1759 1427 1805 Cave!
1456 1780 1476 1801 n
1511 1759 1704 1822 rogavit,

341 1860 361 1881 «
383 1841 593 1901 numquid
615 1840 732 1884 aliud
757 1841 889 1885 ferret
913 1852 1066 1903 praeter
1085 1842 1292 1885 arca1n?>›

404 1923 546 1965 Etiam
589 1921 782 1965 stultitiae
820 1921 931 1966 salsa
970 1923 1276 1983 reprehensio,
1317 1933 1365 1966 ut
1402 1922 1471 1966 ille
1506 1921 1677 1967 Siculus
1693 1956 1705 1976 ‚

343 2003 412 2045 cui
434 2012 593 2063 praetor
613 2003 757 2063 Scipio
772 2012 1006 2062 patronum
1020 2020 1157 2046 causae
1176 1999 1305 2047 dabat
1323 2005 1537 2063 hospitem
1557 2019 1704 2058 suum,

343 2084 565 2126 hominem
586 2082 796 2137 nobilem,
818 2083 889 2127 sed
912 2083 1147 2127 admodum
1169 2084 1346 2128 stultum
1366 2101 1374 2126 :
1401 2104 1421 2124 «
1441 2085 1621 2140 Quaeso,
1643 2084 1706 2126 in-

342 2163 458 2223 quit,
479 2172 651 2222 praetor,
672 2163 919 2207 adversario
939 2180 1035 2207 meo
1054 2163 1109 2207 da
1129 2165 1257 2207 istum
1273 2174 1526 2224 patronum,
1549 2163 1704 2207 deinde

344 2243 449 2285 mihi
470 2243 689 2286 neminem
709 2243 889 2287 dederis.
912 2264 932 2284 »
952 2246 1137 2287 Movent
1158 2243 1228 2287 illa
1251 2245 1400 2300 etiam,
1424 2261 1519 2303 quae
1540 2244 1690 2303 eonjec

344 2332 439 2366 tura
471 2322 759 2383 explanantur
791 2323 917 2385 longe
947 2324 1086 2380 aliter,
1127 2335 1255 2385 atque
1287 2335 1406 2381 sunt,
1445 2324 1516 2368 sed
1551 2333 1702 2379 acute,

344 2413 473 2463 atque
498 2405 709 2447 concinne
735 2421 744 2446 ε
773 2414 839 2460 ut,
868 2422 1004 2464 quum
1028 2407 1216 2449 Scaurus
1247 2414 1467 2448 accusaret
1491 2403 1704 2448 Rutilium

344 2485 550 2540 ambitus,
588 2501 723 2544 quum
755 2487 844 2545 ipse
877 2485 1027 2529 consul
1054 2496 1164 2529 esset
1193 2486 1348 2540 factus,
1387 2484 1457 2527 ille
1485 2483 1703 2543 repulsam

344 2562 530 2617 tulisset,
559 2565 660 2607 etin
679 2565 770 2624 ejus
786 2565 943 2609 tabulis
960 2566 1207 2609 ostenderet
1230 2566 1414 2618 littera&
1434 2569 1483 2608 A.
1503 2567 1549 2607 F.
1566 2565 1612 2606 P.
1630 2566 1702 2616 R.,
