1843 3166
292 195 361 228 312
798 193 861 227 DE
891 193 1137 228 ORATORE.

340 269 629 303 probabiliorem
652 269 722 303 hoc
740 271 892 315 populo,
913 270 963 305 Ut
986 282 1022 304 se
1043 269 1155 304 habet
1178 270 1324 317 vulgata
1343 270 1452 305 lectio
1465 299 1474 316 ,
1494 284 1567 307 vox
1587 272 1662 308 hoc·

289 330 420 365 codem
440 342 569 374 sensu,
595 342 670 377 quo
695 342 740 364 eo
762 331 916 377 ponitur
934 330 1217 374 adverbialiter;
1243 331 1305 365 sed
1326 338 1493 378 utraeque
1513 345 1656 381 semper

288 391 546 437 comparativis
569 399 849 438 proponuntur,
877 399 918 426 ut
949 404 1043 438 saepe
1078 391 1179 438 apud
1203 391 1419 427 Ciceronem
1449 393 1561 429 habes
1588 394 1657 429 hoc

277 451 460 495 fizcilius,
483 452 550 486 hoc
571 453 712 500 magis,
740 453 808 486 hoc
832 452 1044 498 1'71fi2riores‚
1067 459 1134 487 etc.
1148 467 1157 497 ;
1178 452 1273 488 addc
1301 453 1427 498 ctiam,
1456 455 1560 501 quod
1589 455 1657 490 hoc

287 524 431 558 semper
450 513 561 547 habet
581 514 637 547 vel
661 513 948 559 praecedentem,
967 514 1026 548 vel
1046 520 1261 560 sequentem
1289 515 1509 560 particulam
1533 517 1653 563 quod,

288 573 343 606 vel
363 573 462 619 quia.
488 573 560 608 Sed
590 573 625 607 in
645 574 715 608 hoc
744 575 828 609 loco
860 587 934 609 vox
964 574 1033 609 lzoc
1064 574 1305 621 postponitur
1331 575 1602 621 comparativo,
1621 584 1658 611 et

289 646 365 667 non
395 633 502 667 aliam
530 634 641 668 habet
669 635 909 680 particulam,
941 648 1054 682 quam
1086 636 1121 669 si
1151 642 1377 681 sequentem.
1405 636 1516 671 Facili
1544 637 1658 684 igitur

290 694 494 728 mutatione
514 695 636 728 locum
657 695 810 729 siclicet
836 697 1028 730 restituere
1052 709 1060 729 z
1086 695 1271 730 Antonius
1285 702 1406 731 autem
1424 698 1658 744 probabilio—

289 766 365 788 rem
393 754 478 788 huic
509 754 654 800 populo
684 754 890 788 orationem
919 755 1000 789 sore
1032 756 1203 789 censebat
1230 768 1351 800 suam,
1375 757 1427 801 si,
1454 765 1547 803 etc.;
1570 759 1657 793 huic

287 815 450 861 populo,
470 814 508 849 id
529 822 601 858 est,
622 815 766 861 populo
786 827 953 849 romano.
976 816 1075 850 Nota
1094 817 1169 850 haec
1190 823 1259 860 cst,
1279 823 1315 850 et
1334 818 1482 864 vulgata
1506 818 1658 854 Cicero—

286 875 340 910 nis
360 876 523 919 locuti03
545 875 594 911 sic
615 889 628 910 1
642 903 651 919 ,
674 874 715 910 51
744 888 751 909 :
780 892 794 906 «
818 876 891 920 Qui
913 876 949 910 in
974 877 1048 911 hoc
1067 877 1212 924 populo
1232 876 1392 924 foroque
1417 890 1617 914 versamur.
1638 896 1656 912 η

285 938 442 972 Omnem
465 944 586 972 autem
617 937 907 981 dubitationem,
937 937 1086 984 opinor,
1112 937 1252 973 eximet
1281 951 1331 982 11,
1369 938 1438 983 36,
1469 939 1558 985 ubi,
1584 953 1656 976 suae

286 997 587 1033 dissimulationis
621 998 804 1033 rationem
834 998 1017 1043 reddens,
1047 998 1234 1033 Antonius
1259 999 1349 1034 dicit
1371 1012 1379 1033 :
1408 1000 1561 1047 Semper
1587 1014 1657 1050 ego

285 1058 488 1094 existimavi
510 1059 774 1105 jucundiorem
795 1066 831 1094 et
860 1060 1155 1107 probabiliorem
1181 1060 1268 1095 huic
1300 1062 1445 1108 populo
1471 1069 1656 1097 oratorem

284 1119 382 1163 fore,
412 1127 481 1155 etc.
501 1122 638 1155 PEAnc.

335 1181 420 1214 CAP.
453 1181 500 1215 ΙΙ.
524 1180 634 1225 Cujus
654 1182 816 1216 terminis
835 1189 939 1228 septa
960 1189 1136 1217 teneatur.
1157 1182 1361 1218 Lambinus
1380 1182 1471 1229 legit
1491 1191 1655 1230 septum,-

284 1241 390 1287 quod
417 1240 648 1276 verissimum
667 1249 774 1289 puto.
805 1242 939 1277 Dicere
971 1243 1069 1278 enim
1100 1251 1153 1279 est
1176 1243 1311 1279 modus
1335 1242 1540 1279 infinitivus
1564 1244 1657 1279 sub-

283 1301 438 1335 stantive
469 1309 662 1349 acceptus,
694 1309 730 1337 et
751 1303 922 1338 neutrius
951 1304 1106 1351 generis.
1129 1306 1247 1339 Immo
1276 1305 1377 1352 quod
1404 1303 1573 1339 neutrius
1604 1312 1658 1340 est

283 1362 435 1408 generis.
460 1364 545 1397 Vox
571 1363 686 1410 igitur
707 1370 812 1410 septa
830 1364 997 1399 feminini
1017 1365 1105 1399 ferri
1132 1378 1210 1400 non
1234 1372 1369 1412 potest.
1389 1367 1526 1400 Pane.
1549 1387 1599 1392 —
1618 1366 1658 1400 Si

280 1433 369 1456 vera
393 1421 502 1457 lectio
532 1429 586 1457 est
621 1431 750 1469 septa,
781 1435 838 1458 ars
866 1424 1107 1472 intelligitur,
1136 1438 1181 1460 ex
1205 1426 1275 1461 illis
1310 1425 1617 1461 antecedentibus
1643 1439 1651 1461 ε

284 1483 434 1517 Etenim
462 1483 692 1529 cecetwsere
712 1491 820 1519 artes.
848 1486 1030 1519 ANONYM.

338 1544 445 1576 Alter
470 1555 542 1577 non
573 1545 760 1577 multum...
791 1546 888 1577 alter
915 1545 1011 1578 nihil
1046 1546 1246 1579 admodum
1275 1546 1405 1593 scripti
1439 1547 1655 1594 reliquisset.

284 1602 403 1636 Crassi
424 1603 617 1637 exstabant
637 1603 713 1638 haec
736 1610 888 1650 :partes
916 1603 1084 1650 quaedam
1112 1604 1291 1639 orationis
1317 1618 1429 1652 quam
1458 1619 1530 1653 pro
1556 1606 1657 1642 Lici-

281 1662 361 1705 nia,
385 1662 528 1710 virgine
552 1664 698 1708 vestali,
724 1676 841 1699 annos
868 1677 914 1708 27
939 1671 1066 1709 natus,
1085 1665 1217 1699 habuit
1247 1679 1255 1700 ε
1284 1666 1404 1701 oratio
1431 1667 1477 1702 de
1506 1667 1653 1703 colonia

281 1723 508 1758 narbonensi
531 1724 749 1760 deducenda
768 1738 777 1760 ε
798 1726 942 1770 oratio,
971 1738 1046 1772 qua
1070 1733 1196 1761 tuetur
1216 1727 1335 1775 legem
1355 1727 1548 1763 Serviliam
1568 1729 1654 1764 Coe—

284 1784 408 1830 pionis
429 1785 475 1820 de
496 1785 646 1831 judiciis
674 1787 721 1821 ab
754 1787 915 1834 equestri
946 1787 1078 1822 ordine
1112 1787 1161 1822 ad
1185 1796 1352 1823 senatum
1374 1789 1656 1835 transferendis,

285 1857 415 1892 quam,
439 1858 537 1881 anno
557 1847 671 1882 aetatis
694 1849 759 1893 34,
779 1848 922 1883 habuit.
943 1849 1121 1883 Praeterea
1141 1860 1221 1884 non
1239 1850 1379 1895 oratio,
1399 1850 1464 1885 sed
1478 1850 1656 1885 orationis

286 1907 593 1942 commentarium
614 1910 728 1955 paulo
760 1909 906 1956 plenius
925 1922 996 1956 pro
1022 1912 1066 1955 Q.
1090 1909 1268 1957 Coepione
1288 1918 1418 1946 contra
1438 1912 1503 1946 Cn.
1524 1911 1656 1946 Domi-

285 1966 398 2011 tium,
419 1969 597 2017 collegam
616 1982 723 2004 suum
742 1969 781 2004 in
801 1983 965 2005 censura.
985 1971 1070 2005 Haec
1093 1977 1236 2005 tantum
1257 1971 1374 2007 Crassi
1393 1972 1547 2018 scripta,
1572 1984 1655 2019 quae

282 2027 522 2063 nominantur
547 2029 586 2063 in
615 2031 740 2066 Bruto.
767 2032 826 2066 Ab
864 2031 1027 2066 Antonio
1050 2039 1174 2066 autem
1199 2032 1289 2066 nihil
1331 2032 1407 2067 fere
1438 2033 1529 2068 dicit
1561 2032 1653 2068 reli-

286 2094 409 2132 ctum,
447 2090 536 2136 quia
568 2097 713 2125 tantum
751 2092 953 2139 reliquerat
985 2092 1152 2127 libellum
1183 2105 1300 2128 unum
1342 2092 1389 2128 de
1425 2093 1567 2128 ratione
1604 2093 1656 2129 di-

285 2148 410 2191 cendi,
438 2149 522 2184 satis
558 2150 711 2195 exilem3
749 2152 796 2186 de
822 2165 898 2199 quo
930 2153 1038 2188 etiam
1068 2153 1106 2188 in
1134 2155 1268 2195 Bruto,
1299 2160 1335 2188 et
1366 2154 1469 2201 apud
1501 2153 1654 2199 Quinti-

286 2208 436 2244 lianum.

338 2270 424 2304 Cn.
454 2270 520 2304 ΙΙΙ.
540 2271 693 2306 Postero
712 2272 823 2319 igitur
843 2274 914 2309 die.
939 2275 995 2310 Ex
1015 2276 1297 2312 circumstantiis
1315 2276 1390 2312 loci
1415 2283 1452 2311 et
1477 2277 1654 2324 temporis

285 2329 479 2374 adhibitis,
495 2330 720 2366 describitur
740 2345 956 2381 congressus
977 2348 1129 2382 eorum,
1151 2337 1217 2383 qui
1235 2337 1322 2372 huic
1345 2337 1496 2385 dialogo
1515 2336 1651 2373 intere—

284 2396 387 2433 rant;
409 2396 446 2424 et
468 2390 573 2437 quia,
594 2393 786 2438 superiore
807 2395 883 2439 die,
904 2397 1057 2432 Catulus
1072 2425 1081 2441 ,
1100 2404 1135 2432 et
1156 2397 1234 2443 ejus
1254 2397 1386 2442 frater,
1407 2397 1514 2432 Caius
1533 2397 1654 2433 Julius

287 2450 404 2485 Caesar
433 2451 586 2497 Strabo,
611 2465 687 2487 non
712 2454 899 2491 affuerunt
930 2457 1189 2505 disputationi,
1220 2472 1382 2506 quorum
1411 2465 1531 2494 tamen
1562 2460 1655 2494 alter

286 2509 408 2544 senior
452 2518 555 2546 aetate
586 2513 807 2559 profuturus
844 2517 889 2551 sit
925 2518 971 2553 ad
1001 2519 1271 2554 moderandum
1300 2532 1527 2564 sermonem,
1561 2521 1652 2554 alter

287 2568 423 2603 facetus
438 2577 472 2604 et
484 2572 648 2607 urbanus
663 2574 708 2608 ad
723 2575 985 2621 disputandum
1005 2579 1050 2615 de
1067 2580 1161 2626 jocis
1176 2587 1209 2615 ct
1224 2580 1363 2616 facetiis
1375 2608 1384 2626 ,
1395 2593 1440 2616 ne
1455 2580 1649 2616 videantur
