1843 3166
693 195 839 230 LIBER
868 196 934 229 III.
1418 209 1491 246 ²⁰9

199 279 292 338 Ego
324 294 426 320 vero
459 286 519 331 te,
556 278 732 332 Crasse,
772 293 907 337 quum
931 278 1029 321 vitae
1052 279 1177 333 flore,
1217 288 1307 323 tum
1339 283 1489 326 mortis

134 357 478 416 opportunitate,
510 356 657 400 divino
687 356 867 401 consilio
898 367 940 400 et
971 367 1115 401 ortum
1151 366 1195 400 et
1229 360 1485 404 exstinctum

134 452 224 479 esse
246 437 433 480 arbitror
454 453 462 478 :
494 452 593 479 nam
617 437 693 479 tibi
717 447 808 492 aut,
840 454 918 496 pro
941 439 1100 481 virtute
1125 438 1258 480 animi
1288 449 1488 483 constan-

136 515 280 574 tiaque
305 524 402 569 tua,
444 513 582 557 civilis
606 514 707 557 ferri
734 515 958 559 subeunda
987 517 1070 559 fuit
1096 516 1356 573 crudelitas,
1391 527 1488 573 aut,

131 594 165 636 si
190 609 273 653 qua
295 603 334 636 te
351 593 526 636 fortuna
543 593 596 636 ab
616 595 842 638 atrocitate
859 596 1011 639 mortis
1031 595 1288 641 vindicasset
1302 631 1313 653 ,
1338 597 1488 641 eadem

131 688 222 716 esse
258 682 299 716 te
333 672 534 716 funerum
567 674 716 734 patriae
750 684 1035 734 spectatorem
1071 677 1307 737 coegisset3
1351 695 1490 739 neque

130 750 268 795 solum
298 751 375 795 tibi
404 752 704 812 improborum
731 753 1002 811 dominatus,
1032 755 1106 798 sed
1131 757 1258 800 etiam
1276 791 1286 811 ,
1311 767 1492 818 propter

129 831 364 876 admixtam
407 833 564 876 civium
607 833 790 889 caedem,
846 833 1062 879 bonorum
1097 836 1278 881 victoria
1315 839 1490 882 moerori

128 911 288 956 fuisset.

197 996 273 1039 IV.
310 994 421 1039 Mihi
443 995 616 1056 quidem
634 1030 645 1050 ,
673 997 840 1053 Quinte
862 997 1010 1052 frater,
1034 1006 1077 1041 et
1097 1013 1248 1041 eorum
1270 1015 1414 1056 casus,
1442 999 1494 1044 de

130 1075 288 1135 quibus
313 1086 413 1120 ante
438 1076 553 1134 dixi,
593 1086 636 1121 et
658 1093 731 1133 ea,
772 1094 866 1137 quae
894 1087 1061 1122 nosmet
1087 1078 1196 1138 ipsi,
1225 1078 1279 1122 ob
1305 1095 1492 1125 amorem

130 1156 174 1199 in
201 1156 515 1218 rempublicam
541 1157 839 1203 incredibilem
866 1168 908 1202 et
942 1157 1202 1219 singularem
1237 1160 1496 1219 pertulimus

129 1253 179 1281 ac
198 1240 432 1294 sensimus,
459 1240 693 1300 cogitanti,
723 1239 938 1284 sententia
969 1256 1079 1299 saepe
1113 1249 1188 1283 tua
1210 1256 1314 1284 vera
1349 1258 1397 1285 ac
1431 1258 1498 1287 sa-

130 1318 250 1378 piens
274 1319 409 1363 videri
436 1318 568 1375 solet,
597 1321 671 1380 qui
696 1331 875 1381 propter
898 1329 988 1375 tot,
1013 1329 1180 1376 tantos,
1202 1331 1375 1381 tamque
1395 1339 1500 1382 prae-

128 1400 281 1460 cipites
309 1417 431 1445 casus
458 1400 797 1445 clarissimorum
823 1401 1053 1445 hominum
1077 1411 1207 1461 atque
1230 1403 1498 1462 optimorum

129 1481 352 1536 virorum,
386 1498 454 1525 me
487 1498 659 1541 semper
687 1481 740 1524 ab
771 1482 889 1525 omni
922 1482 1200 1526 contentione
1235 1499 1283 1526 ac
1321 1481 1500 1526 dimica-

123 1567 243 1611 tione
266 1562 491 1605 revocasti.

189 1646 273 1691 Sed
306 1649 512 1706 quoniam
551 1647 640 1691 haec
672 1643 761 1702 jain
807 1651 937 1700 atque
974 1642 1017 1684 in
1058 1642 1227 1702 integro
1265 1642 1389 1686 nobis
1412 1659 1501 1686 esse

129 1735 333 1787 possunt,
366 1736 407 1769 et
443 1727 603 1770 summi
638 1725 806 1769 labores
840 1720 1002 1783 nostri,
1039 1742 1196 1787 magna
1232 1729 1500 1787 compensati

128 1806 287 1867 gloria,
320 1807 600 1868 mitigantur3
635 1823 867 1867 pergamus
901 1807 955 1850 ad
990 1824 1039 1851 ea
1072 1806 1247 1863 solatia,
1282 1824 1377 1869 quae
1412 1824 1499 1851 non

129 1887 261 1930 modo
285 1886 444 1931 sedatis
469 1886 698 1944 molestiis,
717 1887 934 1948 jucunda,
962 1888 1037 1932 sed
1060 1890 1188 1932 etiam
1216 1888 1499 1944 haerentibus,

128 1965 336 2010 salutaria
365 1967 490 2011 nobis
515 1983 605 2011 esse
623 1977 825 2027 possunt3
847 1984 1177 2029 sermonemque
1197 1970 1246 2013 L.
1266 1970 1408 2013 Crassi
1434 1984 1500 2012 re-

129 2045 299 2107 liquum
324 2065 372 2092 ac
400 2064 521 2108 paene
549 2057 815 2108 postremum
839 2049 1059 2091 memoriae
1080 2048 1336 2108 prodamus,
1367 2057 1500 2109 atque

129 2127 188 2183 ci,
213 2127 291 2170 etsi
317 2143 591 2187 nequaquam
620 2143 766 2188 parem
797 2125 910 2170 illius
939 2128 1136 2187 ingenio,
1168 2138 1212 2171 at
1237 2145 1318 2188 pro
1350 2138 1501 2172 nostro

128 2217 273 2251 tamen
301 2206 467 2263 studio,
502 2208 703 2251 meritam
726 2208 911 2268 gratiam
940 2207 1221 2269 debitamque
1247 2209 1497 2255 referamus.

192 2288 348 2348 Neque
374 2288 490 2331 enim
509 2289 740 2348 quisquam
756 2297 974 2344 nostrum,
991 2305 1128 2348 quum
1148 2289 1282 2334 libros
1308 2290 1502 2336 Platonis

130 2366 390 2412 mirabiliter
414 2368 598 2428 scriptos
619 2368 745 2430 legit,
766 2369 809 2412 in
838 2368 997 2428 quibus
1012 2371 1214 2414 omnibus
1242 2370 1328 2415 fere
1345 2374 1498 2416 Socra-

130 2457 193 2492 tes
222 2449 494 2510 exprimitur,
522 2465 630 2505 non,
655 2465 907 2509 quanquam
936 2447 1010 2493 illa
1033 2452 1193 2512 scripta
1220 2461 1322 2496 sunt
1342 2451 1500 2495 divini-

133 2537 225 2584 tus,
252 2537 398 2573 tamen
419 2529 561 2588 majus
583 2528 790 2588 quiddam
817 2528 869 2571 de
891 2526 991 2585 illo,
1012 2529 1063 2573 de
1088 2547 1174 2590 quo
1198 2533 1359 2591 scripta
1379 2541 1500 2586 sunt,

135 2609 397 2670 suspicatur.
423 2609 557 2667 Quod
583 2610 686 2653 item
706 2626 786 2653 nos
806 2608 1075 2670 postulamus
1091 2627 1178 2655 non
1205 2628 1229 2655 a
1247 2622 1286 2654 te
1306 2611 1501 2671 quidem,

329 2706 377 2735 11.
1260 2709 1273 2736 1
1285 2694 1313 2739 ίι
