1843 3166
738 212 878 246 LIBER
909 211 955 245 II,
1473 212 1521 260 93

173 316 192 333 ι(
212 297 303 338 tur?
326 296 498 355 inquam
517 313 525 337 :
549 294 722 354 quando
737 312 835 353 ages
850 297 1067 355 negotium
1089 294 1334 354 publicum?
1350 297 1522 355 quando

172 396 191 414 «
211 375 474 418 amicorum?
487 374 660 434 quando
679 375 829 417 tuum?
846 375 1020 434 quando
1035 374 1219 433 denique
1238 373 1343 416 nihil
1363 375 1522 435 ages&

173 474 191 492 «
212 457 321 497 Tum
350 453 454 497 illud
476 454 649 497 addidi:
675 455 784 497 Mihi
816 455 931 497 enim
965 454 1073 497 liber
1104 470 1195 496 csse
1228 469 1315 496 non
1341 454 1523 508 videtur,

174 536 284 593 «qui
312 550 397 576 non
421 533 652 592 aliquando
672 533 780 577 nihil
801 535 902 593 agit.
925 553 945 574 n
977 536 1028 577 In
1049 550 1133 593 qua
1158 548 1414 592 permaneo,
1441 535 1523 575 Ca-

173 612 282 667 tule,
302 614 530 669 sententia,
553 629 726 672 meque,
744 630 878 673 quum
903 615 990 657 huc
1013 615 1107 656 veni
1123 648 1133 668 ,
1157 613 1239 656 hoc
1259 613 1397 672 ipsum
1419 612 1522 655 nihil

171 709 320 753 agere,
349 703 390 736 et
412 693 537 753 plane
558 710 741 747 cessare,
766 693 960 737 delectat.

235 775 373 828 Nam,
391 773 504 833 quod
525 773 726 818 addidisti
744 776 941 829 tertium,
971 791 1044 817 vos
1066 791 1138 817 eos
1161 790 1273 828 esse,
1296 774 1370 834 qui
1396 774 1524 817 vitam

174 857 390 898 insuavem
409 855 498 898 sine
517 854 583 898 his
602 854 754 898 studiis
774 856 1010 915 putaretis,
1037 854 1079 897 id
1097 871 1165 898 me
1181 871 1269 897 non
1289 853 1418 897 modo
1438 870 1523 896 non

173 936 371 978 hortatur
398 935 451 978 ad
477 935 810 995 disputandum,
846 936 919 978 sed
943 935 1071 978 etiam
1098 935 1294 978 deterret.
1335 936 1445 979 Nam
1479 943 1527 976 ut

170 1018 218 1060 C.
238 1015 449 1071 Lucilius,
479 1016 610 1060 homo
633 1016 786 1060 doctus
807 1026 849 1059 et
866 1016 1154 1076 perurbanuS,
1176 1015 1319 1058 dicere
1338 1013 1500 1057 solebat
1518 1045 1527 1057 ,

170 1112 238 1150 ea,
266 1112 361 1156 quae
383 1096 614 1152 scriberet,
643 1113 782 1155 neque
807 1097 861 1139 ab
886 1095 1190 1139 indoctissimis
1214 1110 1277 1150 se,
1305 1108 1447 1152 neque
1472 1092 1525 1134 ab

170 1176 428 1220 doctissimis
464 1176 544 1238 legi
576 1175 708 1231 velle3
751 1176 869 1236 quod
906 1175 1029 1219 alteri
1067 1174 1174 1218 nihil
1208 1172 1499 1234 intelligerent
1514 1206 1524 1225 ‚

169 1256 291 1300 alteri
312 1257 407 1317 plus
425 1256 627 1313 fortasse,
647 1274 778 1317 quam
797 1257 911 1317 ipse3
930 1272 1016 1315 quo
1032 1256 1162 1299 etiam
1182 1255 1369 1315 scripsit,
1390 1272 1410 1293 α
1430 1255 1528 1297 Per-1

169 1338 279 1380 sium
311 1354 397 1380 non
428 1353 533 1380 curo
559 1336 698 1398 legere
727 1336 820 1396 (hic
842 1337 957 1379 enim
980 1334 1086 1391 fuit,
1112 1345 1161 1378 ut
1182 1350 1406 1388 noramus,
1433 1348 1526 1376 om·

169 1417 289 1460 nium
326 1417 413 1460 fere
450 1427 702 1461 nostrorum
733 1417 961 1460 hominum
995 1413 1314 1474 doctissimus);
1348 1411 1527 1456 Laelium

169 1497 398 1541 Decimum
436 1496 534 1541 volo
570 1496 716 1559 (quem
751 1496 1034 1557 cognovimus
1071 1495 1215 1537 virum
1253 1493 1415 1536 bonum
1433 1527 1444 1547 ,
1487 1501 1530 1534 et

171 1594 256 1621 non
282 1576 551 1622 illitteratum
566 1613 577 1633 ,
603 1578 678 1622 sed
701 1576 807 1621 nihil
834 1577 887 1620 ad
907 1574 1122 1636 Persium)
1143 1591 1152 1618 :
1179 1574 1239 1617 sic
1261 1588 1360 1634 ego,
1388 1572 1423 1616 si
1438 1572 1528 1632 jam

169 1657 274 1701 mihi
300 1657 606 1719 disputandum
626 1658 682 1701 sit
707 1657 759 1700 de
780 1657 846 1700 his
871 1656 1030 1700 nostris
1055 1653 1230 1709 studiis,
1258 1652 1393 1697 nolim
1414 1653 1529 1711 equi-

169 1737 267 1781 dem
290 1737 407 1799 apud
430 1738 639 1793 rusticos,
678 1737 751 1781 sed
782 1735 921 1781 multo
953 1736 1096 1779 minus
1128 1734 1245 1796 apud
1274 1750 1370 1789 vos;
1415 1730 1529 1775 malo

168 1820 283 1862 enim
314 1835 401 1862 non
431 1818 615 1879 intelligi
638 1820 879 1862 orationem
909 1833 1074 1872 meam,
1103 1831 1233 1875 quam
1255 1811 1525 1874 reprehendi.

233 1901 329 1944 VII.
355 1902 545 1943 —-Tum
580 1901 736 1952 Caesar,
769 1898 1006 1959 Equidem,
1042 1896 1204 1956 inquit,
1239 1892 1412 1947 Catule,
1438 1893 1527 1952 jam

169 1980 272 2023 mihi
299 1980 449 2023 videor
476 1996 652 2024 navasse
678 1997 874 2041 operam,
904 1977 1022 2039 quod
1055 1978 1139 2021 huc
1171 1975 1388 2030 venerim3
1429 1989 1527 2016 nam

169 2061 258 2104 haec
283 2062 372 2121 ipsa
400 2062 614 2105 recusatio
638 2060 945 2122 disputationis
969 2057 1207 2119 disputatio
1228 2053 1426 2115 quaedam
1447 2051 1529 2095 fuit

169 2142 275 2185 mihi
293 2141 468 2202 quidem
487 2141 766 2203 perjucunda.
790 2140 875 2185 Sed
893 2156 970 2183 cur
988 2137 1250 2198 impedimus
1270 2134 1530 2185 Antonium,

169 2222 293 2282 cujus
316 2221 446 2266 audio
472 2240 562 2267 esse
585 2232 728 2284 partes
744 2257 755 2278 ,
787 2231 836 2264 ut
862 2220 914 2263 de
937 2229 1029 2263 tota
1052 2216 1300 2277 eloquentia
1324 2214 1501 2257 disserat
1521 2243 1532 2265 ‚

166 2319 383 2363 quemque
405 2303 666 2364 jamdudum
693 2305 822 2348 Cotta
846 2311 888 2345 et
912 2300 1132 2361 Sulpicius
1157 2293 1438 2358 exspectant?

231 2386 398 2444 —Ego
427 2400 550 2441 vero,
584 2385 728 2444 inquit
756 2386 957 2438 Crassus,
996 2396 1136 2440 neque
1164 2377 1408 2422 Antonium
1432 2389 1528 2415 ver-

167 2465 272 2508 bum
290 2464 428 2509 facere
441 2466 605 2526 patiar,
622 2475 664 2508 et
678 2466 770 2525 ipse
783 2464 1104 2517 obmutescam,
1124 2459 1204 2502 nisi
1225 2459 1344 2519 prius
1366 2472 1389 2498 a
1410 2453 1532 2496 vobis

170 2547 465 2606 impetraro....
482 2574 542 2578 ——
556 2546 808 2603 Quidnam?
847 2545 989 2603 inquit
1009 2541 1203 2586 Catulus.
1223 2566 1282 2571 —
1297 2536 1364 2581 Ut
1388 2534 1457 2576 hic
1480 2533 1535 2575 si-

170 2629 223 2671 tis
241 2628 383 2672 hodie.
407 2630 612 2683 -n-Tum,
632 2643 768 2686 quum
789 2624 858 2668 ille
882 2624 1127 2678 dubitaret,
1148 2618 1264 2681 quod
1286 2615 1339 2660 ad
1360 2614 1535 2658 fratrem
