1843 3166
298 203 372 239 330
802 205 866 239 DF.
896 206 1143 240 ORATORE.

297 278 386 313 dere
408 278 454 313 de
476 290 545 314 suo
566 291 573 313 :
595 290 666 314 non
690 281 893 324 conveniri,
921 281 985 316 sed
1008 281 1270 323 circumveniri,
1291 281 1395 328 quod
1415 288 1536 316 tamen
1556 294 1652 317 neu-

297 339 438 386 tiquam
451 339 598 375 admisit
617 340 947 378 Victorius.GRU·1·.
960 363 1010 368 ——
1024 343 1143 378 Caesar
1162 341 1251 377 dicit
1274 342 1349 376 haec
1369 341 1446 377 duo
1469 342 1652 389 Scipionis

295 407 331 435 et
348 400 508 448 Philippi
528 401 627 438 dicta
644 403 747 438 verbi
767 402 813 437 ad
832 402 992 438 litteram
1005 403 1188 439 immutati
1209 403 1446 438 similitudine
1460 403 1653 439 contineri.

294 464 339 498 In
358 462 446 510 joco
465 463 647 511 Scipionis
667 465 779 499 verba
809 465 957 500 Naevius
977 471 1013 500 et
1038 467 1211 513 Ignavius
1230 464 1326 500 idern
1356 477 1476 512 prope
1500 471 1652 509 sonant,

292 524 503 572 eaedemque
532 525 606 560 fere
631 532 717 560 sunt
734 524 936 561 verborum
956 526 1084 561 litterae
1102 539 1110 561 ε
1129 527 1165 560 in
1187 526 1256 561 hoc
1281 537 1370 561 vero
1390 525 1571 572 Philippi,
1593 526 1652 560 cui

292 586 406 622 verbo
425 586 540 621 simile
562 594 615 621 est
640 586 796 622 verbum
814 587 1085 623 circumveniri?
1103 589 1256 622 Prorsus
1275 587 1399 622 nescio
1420 600 1428 622 ε
1453 586 1561 632 jocus
1579 586 1651 634 igi-

292 658 352 684 tur
369 661 446 684 non
471 649 559 693 erit,
579 649 649 684 nisi
667 662 750 685 cum
769 650 926 697 vulgatis
952 649 1139 685 nonnullis
1161 649 1404 695 editionibus,
1429 663 1512 685 cum
1536 650 1650 684 Lam—

291 711 380 746 bino
408 717 444 744 et
473 710 664 756 Stephano
695 711 885 758 legamus:
907 711 1028 746 Video
1051 723 1109 746 me
1136 723 1154 745 a
1189 717 1224 745 te
1252 723 1324 745 non
1353 711 1554 753 conveniri,
1584 711 1649 746 sed

288 772 545 806 circumveniri.
570 772 777 815 Memento,
797 772 926 817 lector,
944 771 1068 806 hocin
1087 772 1181 807 male
1202 772 1361 806 olentem
1382 772 1577 818 quemdam
1594 772 1653 807 di-

288 840 387 867 ctum
407 845 493 868 esse.
508 834 642 872 Sensus
661 839 783 867 autem
803 840 874 868 est:
890 834 1014 877 Quum
1034 833 1156 881 gravis
1173 839 1227 868 est
1245 832 1315 867 tibi
1332 832 1486 877 halitus,
1505 832 1651 879 quoties

287 894 375 929 mihi
394 894 580 939 occurris,
602 907 679 929 non
697 894 832 930 videris
853 895 943 929 mihi
969 895 1189 940 convenire,
1209 893 1273 930 sed
1293 894 1443 929 insidias
1465 893 1555 929 mihi
1579 906 1650 940 pa-

287 969 388 1002 rare,
417 963 453 992 et
480 955 567 991 mali
595 956 737 1004 aliquid
757 956 895 992 inferre
913 957 1017 992 velle.
1039 959 1175 992 Pmnc.
1203 977 1254 983 -
1284 956 1426 991 Ernest.
1460 962 1570 1002 negat
1594 955 1650 991 his

287 1018 583 1054 correctionibus
608 1029 702 1064 opus
730 1030 816 1053 esse.
838 1019 980 1061 Potest,
1005 1017 1147 1065 inquit,
1172 1016 1347 1064 intelligi,
1367 1016 1466 1051 unde
1497 1015 1538 1051 fit
1558 1028 1650 1052 acu-

286 1080 356 1114 tius
376 1079 495 1114 etiam.
516 1081 589 1114 Pro
603 1091 647 1114 eo
668 1078 772 1126 quod
792 1078 952 1114 debebat
973 1077 1095 1113 dicere
1115 1091 1123 1113 z
1155 1079 1269 1113 Video
1287 1091 1346 1112 me
1359 1090 1382 1111 a
1397 1086 1429 1112 te
1448 1078 1648 1120 conveniri,

285 1140 379 1175 dixit
398 1141 668 1183 circumveniri;
690 1140 795 1187 quod
819 1147 872 1175 est
898 1139 1096 1175 ridiculum
1116 1147 1206 1190 παρὰ
1225 1142 1434 1190 προσδοχιαν,
1448 1161 1498 1166 -
1511 1140 1647 1175 Schut—

285 1202 361 1237 zius
392 1201 481 1237 dicit
507 1201 545 1236 in
576 1202 693 1236 verbo
720 1201 967 1236 circumveniri
985 1202 1139 1237 allusum
1169 1214 1244 1236 esse
1272 1202 1326 1235 ad
1345 1201 1483 1235 hircum
1511 1202 1646 1243 veniri,

284 1263 403 1309 prima
421 1270 561 1297 mutata
588 1262 728 1308 littera3
758 1262 864 1309 quod
894 1262 1025 1308 refert,
1054 1269 1090 1297 et
1112 1262 1263 1297 videtur
1291 1262 1472 1309 interpres
1499 1262 1650 1310 gallicus

284 1324 466 1371 amplecti.
487 1325 584 1358 Lm.

340 1385 460 1431 Caput
483 1385 579 1418 enim
609 1397 782 1430 magnum
808 1392 872 1419 est.
894 1384 1120 1432 Ambiguum
1145 1391 1218 1428 est,
1246 1397 1330 1419 nam
1360 1382 1588 1432 significatur
1613 1392 1649 1420 et

285 1445 502 1493 magnitudo
521 1444 653 1490 partis,
679 1451 715 1479 ct
742 1445 949 1490 amplitudo
967 1445 1138 1480 hominis.
1166 1446 1319 1480 Publius
1344 1452 1465 1480 autem
1485 1445 1649 1482 Licinius

284 1508 421 1550 Varus,
440 1506 539 1540 bello
559 1505 722 1539 secundo
741 1505 901 1550 punico,
921 1505 1035 1539 aedilis
1049 1518 1131 1539 cum
1151 1507 1334 1540 Venturio
1355 1506 1443 1550 fuit,
1463 1513 1505 1540 ut
1524 1507 1648 1543 Livius

283 1565 420 1601 scribit.
441 1567 570 1599 Postea
593 1563 702 1598 etiam
720 1570 939 1610 praeturam,
965 1564 1097 1599 eodem
1115 1566 1233 1607 bello,
1253 1566 1409 1611 adeptus
1428 1572 1498 1609 est,
1517 1566 1552 1600 in
1574 1579 1648 1614 qua

283 1626 367 1661 tulit
392 1625 438 1660 ad
461 1626 667 1672 populum,
693 1630 735 1658 ut
760 1624 839 1659 ludi
866 1625 1099 1671 Apollinares
1117 1624 1155 1659 in
1181 1631 1313 1659 statum
1335 1625 1432 1660 diem
1450 1625 1488 1660 in
1509 1639 1648 1674 perpe—

283 1696 387 1723 tuum
408 1692 645 1721 voverentur.
665 1687 790 1720 Tum.

337 1749 467 1784 Calvus
486 1748 578 1782 satis
609 1755 671 1781 est.
697 1747 766 1782 Hic
796 1746 946 1782 Calvum
972 1758 1111 1782 nomen
1134 1759 1210 1782 esse
1236 1746 1432 1794 proprium
1455 1761 1532 1783 non
1558 1761 1646 1784 cen-

282 1823 399 1855 seam3
420 1809 484 1844 sed
509 1807 783 1855 appellativum.
805 1808 918 1843 Jocus
946 1821 990 1843 ex
1017 1821 1062 1843 eo
1085 1815 1154 1854 est,
1177 1809 1234 1843 vel
1260 1808 1363 1855 quod
1390 1815 1531 1844 veteres
1557 1821 1647 1845 cen—

283 1872 410 1907 sebant
431 1871 552 1905 calvos
572 1870 734 1914 fallaces,
754 1870 811 1904 vel
834 1870 938 1917 quod
959 1870 1051 1906 calvi
1070 1870 1189 1914 mimi,
1208 1878 1249 1905 ut
1268 1870 1412 1905 Nonius
1432 1870 1502 1915 ait,
1523 1871 1645 1906 omni-

282 1934 350 1968 bus
382 1938 485 1967 erant
519 1930 709 1965 frustratui
740 1943 748 1964 ε
779 1930 880 1965 unde
907 1933 1039 1975 (αἶνον,
1073 1931 1179 1978 quod
1209 1938 1261 1967 est
1280 1932 1458 1977 frustror,
1489 1933 1643 1979 decipio.

282 1993 379 2028 Satis
405 2000 479 2035 est,
514 1991 638 2039 igitur,
659 1993 759 2039 quod
775 1992 865 2026 dicit
875 2005 1033 2039 parum,
1064 2000 1118 2027 est
1146 1992 1371 2040 ambiguum.
1395 1993 1440 2027 Id
1468 2000 1520 2027 est
1548 1993 1644 2028 enim

282 2054 387 2101 quod
410 2065 543 2101 parum
570 2053 749 2100 loquitur,
768 2054 825 2088 vel
856 2053 960 2100 quod
985 2066 1119 2100 parum
1151 2061 1278 2089 orator
1309 2061 1373 2089 est.
1401 2055 1495 2089 Nam
1526 2054 1645 2090 dicere

279 2128 416 2162 parum
436 2127 508 2161 pro
528 2122 709 2149 oratorem
730 2127 804 2148 non
823 2127 919 2157 esse,
943 2114 1065 2150 dicere
1084 2116 1263 2151 solebant.
1285 2115 1414 2150 Cicero
1435 2114 1473 2149 in
1500 2117 1614 2151 Bruto
1633 2129 1644 2149 :

282 2191 295 2206 a
316 2177 411 2210 Nam
427 2177 469 2210 T.
491 2174 679 2220 Aufidius,
699 2175 765 2222 qui
784 2174 875 2209 vixit
894 2176 940 2210 ad
961 2189 1136 2212 summam
1161 2182 1402 2220 senectutem,
1421 2176 1571 2211 volebat
1590 2177 1641 2212 si-

281 2236 374 2271 milis
397 2249 472 2272 esse
497 2237 652 2280 horum,
681 2241 834 2282 eratque
857 2243 893 2271 et
917 2237 1039 2273 bonus
1056 2236 1114 2272 vir
1133 2243 1167 2272 et
1187 2237 1385 2281 innocens,
1410 2236 1475 2272 sed
1497 2236 1643 2272 dicebat

280 2310 422 2344 parum.
445 2314 458 2328 υ
474 2297 549 2340 Qui
571 2297 615 2331 de
634 2295 778 2331 Licinio
799 2298 929 2342 Calvo,
951 2305 1099 2333 oratore
1121 2305 1155 2333 et
1174 2305 1286 2344 poeta
1304 2297 1533 2345 intelligunt,
1552 2309 1642 2344 pec-

281 2365 364 2392 cant
390 2357 623 2405 ignoratione
643 2359 831 2404 temporis.
858 2360 896 2393 Si
927 2360 1010 2407 quis
1039 2366 1162 2395 tamen
1195 2360 1368 2404 Calvum,
1389 2371 1524 2393 nomen
1550 2370 1641 2404 pro-

280 2419 423 2465 prium,
452 2418 554 2466 quod
578 2430 704 2452 verum
724 2433 799 2453 non
819 2428 935 2467 puto,
961 2427 1122 2465 censeat,
1142 2420 1308 2456 eamdem
1327 2431 1471 2455 servare
1501 2419 1639 2466 poterit

280 2480 575 2527 ambiguitatem3
596 2480 680 2515 satis
699 2487 750 2516 est
777 2482 881 2528 quod
910 2495 1042 2529 parum
1061 2482 1259 2529 loquatur,
1286 2488 1322 2516 et
1340 2492 1471 2528 parum
1492 2480 1537 2516 sit
1557 2480 1637 2515 elo—

281 2553 417 2587 quens,
445 2553 491 2575 ne
521 2553 590 2575 nos
621 2541 718 2577 fallat
743 2543 886 2584 verbis,
909 2544 1021 2577 homo
1055 2542 1253 2589 praesertim
1280 2543 1427 2588 ineptus
1456 2547 1491 2575 et
1516 2540 1635 2574 mole—

281 2609 365 2637 stus.
385 2604 505 2636 Tium.
