1843 3166
713 219 859 253 LIBER
889 221 916 253 l.
1444 225 1489 260 81

128 304 377 348 hominibus
410 321 496 347 non
525 302 711 358 colatur,
746 320 770 346 a
801 305 956 348 ceteris
987 305 1243 350 deseratur?
1279 310 1493 369 Equidem

130 394 300 428 tantum
323 385 476 428 absum
506 384 559 428 ab
589 384 672 428 ista
701 387 942 442 sententia,
984 397 1031 430 ut
1055 403 1143 430 non
1168 387 1297 432 modo
1318 407 1406 434 non
1429 409 1497 436 ar-

128 466 264 510 bitrer
296 465 538 509 subsidium
568 468 801 510 senectutis
839 467 881 509 in
915 484 1090 524 eorum,
1135 469 1209 528 qui
1249 469 1497 516 consultum

128 548 328 601 veniant,
353 545 635 590 multitudine
658 563 749 590 esse
771 547 1047 607 ponendum,
1071 548 1145 592 sed
1166 558 1377 609 tanquam
1398 567 1498 611 por-

128 637 220 673 tum
246 626 436 687 aliquem
451 661 461 681 ,
488 637 732 688 exspectem
755 628 882 671 istam
897 663 908 685 ,
938 646 1070 689 quam
1094 639 1139 674 tu
1166 632 1292 675 times
1307 666 1318 687 ,
1348 630 1498 676 solitu-

126 708 286 752 dinem.
309 707 560 752 Subsidium
579 708 696 752 enim
713 708 999 755 bellissimum
1020 712 1218 756 existimo
1238 728 1328 756 esse
1347 729 1498 758 senec-

127 789 235 845 tuti,
265 788 416 832 otium.

189 868 376 930 Reliqua
410 886 513 913 vero
550 869 719 914 etiamsi
755 870 988 931 adjuvant,
1033 872 1260 916 historiam
1298 874 1417 931 dico,
1457 886 1500 919 et

127 950 406 1012 prudentiam
430 951 542 1011 juris
568 951 751 1012 publici,
787 962 829 996 et
851 954 1124 1014 antiquitatis
1147 955 1245 1011 iter,
1283 964 1325 999 et
1356 972 1500 1001 exem-

126 1032 299 1093 plorum
329 1033 522 1093 copiam,
549 1034 583 1076 si
607 1033 784 1094 quando
810 1051 918 1094 opus
943 1036 1044 1091 erit,
1074 1051 1098 1078 a
1123 1037 1219 1079 viro
1242 1038 1429 1097 optimo,
1458 1048 1500 1082 et

128 1115 218 1157 istis
244 1114 374 1157 rebus
403 1115 759 1171 instructissimo,
793 1114 997 1160 familiari
1024 1133 1144 1173 meo,
1173 1119 1377 1178 Longino
1402 1136 1499 1163 mu-

127 1195 298 1239 tuabor.
329 1196 482 1255 Neque
514 1197 789 1257 repugnabo,
827 1213 914 1256 quo
946 1198 1090 1240 minus
1124 1197 1188 1259 (id
1219 1198 1337 1258 quod
1368 1200 1499 1244 modo

126 1277 324 1320 hortatus
343 1275 406 1337 es)
429 1278 577 1320 omnia
595 1276 759 1338 legant,
779 1278 928 1321 omnia
950 1277 1150 1333 audiant,
1175 1278 1219 1322 in
1241 1281 1361 1322 omni
1380 1290 1499 1324 recto

125 1358 269 1401 studio
292 1368 423 1417 atque
448 1358 719 1401 humanitate
745 1367 976 1401 versentur
999 1375 1008 1400 ε
1037 1358 1112 1401 sed
1136 1359 1385 1403 mehercule
1408 1378 1497 1404 non

126 1440 185 1482 ita
209 1437 398 1482 multum
426 1438 554 1498 spatii
580 1438 688 1481 mihi
713 1437 876 1481 habere
905 1438 1125 1494 videntur,
1151 1441 1185 1483 si
1207 1439 1338 1483 modo
1363 1457 1412 1484 ea
1435 1441 1498 1485 fa-

125 1536 222 1563 cere
250 1529 293 1563 et
325 1519 529 1579 persequi
560 1517 728 1575 volent,
773 1535 868 1577 quae
903 1535 927 1562 a
966 1528 1028 1576 te,
1067 1520 1241 1575 Crasse,
1285 1532 1500 1582 praecepta

125 1610 251 1657 sunt3
280 1600 355 1661 qui
378 1600 486 1643 mihi
510 1615 647 1660 prope
673 1599 804 1642 etiam
830 1600 958 1643 nimis
984 1600 1114 1644 duras
1134 1600 1250 1662 leges
1275 1602 1500 1662 imponere

125 1683 243 1726 visus
271 1698 316 1725 es
342 1682 446 1725 huic
470 1681 610 1737 aetati,
656 1680 730 1723 sed
754 1690 899 1724 tamen
933 1680 987 1724 ad
1020 1681 1091 1738 id,
1134 1682 1252 1743 quod
1282 1684 1466 1743 cupiunt
1486 1717 1497 1739 ,

126 1761 454 1823 adipiscendum
474 1777 612 1822 prope
635 1762 914 1805 necessarias.

189 1845 305 1888 Nam
339 1852 383 1886 et
419 1842 572 1886 subitae
602 1841 656 1885 ad
683 1843 926 1902 propositas
954 1859 1104 1887 causas
1131 1845 1495 1896 exercitationes,

127 1936 171 1969 et
194 1934 427 1980 accuratae,
452 1933 496 1967 et
517 1922 732 1968 meditatae
755 1926 1163 1982 commentationes,
1194 1942 1243 1969 ac
1267 1926 1402 1987 stylus
1426 1925 1498 1969 ille

130 2017 228 2051 tuus
245 2041 257 2063 ‚
286 2024 416 2067 quem
442 2017 489 2050 tu
516 2022 616 2049 vere
642 2005 786 2048 dixisti
817 2004 1104 2066 perfectorem
1133 2005 1306 2049 dicendi
1329 2023 1421 2050 esse
1449 2022 1500 2049 ac

128 2089 384 2149 magistrum
400 2123 411 2145 ,
433 2087 561 2132 multi
585 2087 754 2131 sudoris
776 2097 867 2140 est,
895 2097 938 2130 et
960 2086 1033 2130 illa
1056 2087 1265 2130 orationis
1287 2104 1374 2131 suae
1396 2104 1496 2131 cum

128 2168 301 2229 scriptis
328 2168 478 2212 alienis
506 2169 799 2229 comparatio,
832 2178 873 2212 et
899 2168 952 2211 de
981 2167 1124 2212 alieno
1151 2169 1314 2229 scripto
1338 2168 1499 2222 subita,

130 2248 195 2292 vel
221 2248 458 2306 laudandi,
483 2250 549 2294 vel
574 2249 871 2310 vituperandi,
894 2248 961 2292 vel
985 2248 1325 2310 comprobandi,
1345 2247 1414 2292 vel
1433 2265 1500 2292 re-

129 2329 304 2374 fellendi
340 2346 489 2384 causa,
525 2330 791 2390 disputatio,
825 2346 913 2372 non
945 2330 1174 2374 mediocris
1209 2330 1500 2374 contentionis

128 2421 219 2465 est,
246 2410 313 2454 vel
339 2409 393 2453 ad
417 2411 670 2454 memoriam
687 2444 698 2466 ,
725 2409 791 2453 vel
816 2410 869 2453 ad
894 2411 1172 2455 imitandum.

192 2494 306 2536 LXI.
331 2491 447 2534 Illud
467 2507 571 2534 vero
588 2491 670 2534 fuit
692 2490 916 2545 horribile,
930 2491 1048 2551 quod
1066 2491 1312 2536 mehercule
1331 2509 1498 2546 vereor,

130 2589 184 2615 ne
203 2573 411 2632 majorem
432 2573 517 2615 vim
543 2571 596 2614 ad
618 2571 923 2615 deterrendum
945 2572 1171 2628 habuerit,
1195 2589 1325 2632 quam
1350 2572 1403 2615 ad
1427 2589 1498 2615 co-

130 2653 410 2696 hortandum.
436 2652 624 2698 Voluisti
650 2654 765 2695 enim
792 2653 835 2695 in
859 2669 937 2696 suo
963 2670 1120 2714 genere
1143 2669 1499 2713 unumquemque

338 2750 381 2777 11.
1277 2733 1307 2775 6
