1843 3166
638 238 1032 274 ADNOTATIONES.
1431 244 1502 287 345

157 311 320 358 taphorae
350 311 503 346 nimium
533 311 742 356 dilatentur,
774 313 949 359 quoniam
984 314 1023 349 id
1052 315 1089 349 in
1132 316 1281 364 aenigma
1323 318 1502 355 transiret.

157 372 200 414 7⁰
222 372 308 406 Non
329 371 466 407 debent
486 371 691 406 minutatim
714 372 904 408 conscindi
923 374 1127 419 sententiae,
1148 376 1211 411 sed
1231 379 1384 424 expleri,
1403 386 1438 414 et
1456 381 1504 415 ad

151 430 286 476 justam
320 444 527 467 mensuram
553 431 697 466 numeri
728 439 840 479 atque
872 445 997 469 sensus
1017 434 1187 481 produci.
1216 436 1258 471 80
1279 439 1504 485 Temporum

153 491 333 526 servanda
363 491 547 527 distinctio
568 498 638 536 est,
662 498 704 526 ut
732 504 800 527 suo
830 505 986 541 quaeque
1007 494 1228 530 tribuantur.
1253 498 1296 543 9⁰
1317 499 1503 534 Concinna

153 562 398 596 personarum
428 552 613 587 distinctio
650 553 828 588 servanda
862 561 926 588 est.
959 556 1172 601 Postremo,
1202 565 1501 605 argumentorum

154 618 436 659 ceterorumque
457 612 621 647 omnium
642 612 864 660 digerendus
883 620 936 648 est
955 615 1062 650 ordo.
1084 617 1222 652 Pmiv.

193 674 324 714 ‚Simul
349 686 395 707 ac
423 674 565 708 Furius.
590 673 713 721 Vulgo
733 674 880 716 Fusius,
901 681 944 709 ut
974 688 1108 722 supra,
1137 690 1190 723 11,
1214 689 1274 713 22.
1294 678 1505 725 Utrobique

150 733 322 768 Pearcius
351 733 522 769 emendat
549 734 690 781 Flfiffl',
723 734 908 781 probante
946 736 1188 785 Heusingero.
1226 739 1348 785 Fufius
1374 747 1427 775 est
1466 739 1505 774 in

149 792 258 828 codd.
279 794 366 828 Pall.
399 798 418 836 4
433 820 443 837 ‚
468 794 512 838 6,
533 792 574 839 8,
600 805 643 840 9,
672 799 708 829 et
726 794 872 840 Mead.,
893 795 994 830 unde
1019 797 1212 832 Schutzius
1239 799 1427 845 expressit.
1453 821 1503 827 —-

146 853 215 892 Hic
234 854 366 888 Furius
385 866 431 888 an
456 855 586 888 Fusius
604 854 800 902 legendum
814 854 879 900 sit,
892 856 1061 891 nondum
1080 857 1251 894 decerno.
1272 860 1432 896 Emuzsr.
1452 881 1503 887 -—

147 914 298 949 Veteres
312 914 471 949 Romani
481 915 611 962 saepius
621 916 648 950 S
661 927 731 961 pro
751 917 783 949 R
795 915 833 950 in
850 928 978 963 propr.
992 930 1092 953 nom.
1104 918 1371 966 adhibuerunt,
1386 934 1501 969 quum

146 975 178 1008 R
194 982 270 1010 erat
291 975 330 1010 in
353 975 478 1010 medio
499 975 693 1020 vocabuli3
719 974 769 1011 sic
790 976 955 1012 Valesius
973 990 1044 1025 pro
1064 979 1244 1015 Valerius.
1263 982 1355 1016 Item
1373 982 1411 1016 in
1429 981 1502 1017 fine

149 1035 260 1070 arbos
286 1048 357 1083 pro
384 1036 507 1071 arbor.

201 1097 286 1131 CAr.
313 1097 415 1132 XIV.
442 1097 516 1142 Qui
537 1109 633 1131 nunc
658 1097 711 1131 ita
740 1100 988 1146 appellantur.
1018 1099 1138 1135 Crassi
1168 1105 1354 1148 tempore,
1386 1103 1501 1138 Graeci

145 1156 364 1203 inceperunt
376 1158 502 1192 Romae
521 1157 662 1192 scholas
679 1157 890 1204 instituere,
910 1159 948 1194 in
967 1159 1103 1206 quibus
1124 1172 1182 1196 ars
1201 1161 1362 1197 oratoria
1386 1162 1501 1198 doce-

144 1223 258 1251 retur.
273 1216 575 1253 Nominabantur
592 1217 791 1261 Rhetores,
817 1219 923 1267 quod
941 1232 1078 1255 nomen
1102 1232 1260 1268 graecum
1282 1222 1320 1257 in
1339 1222 1500 1271 ling-uam

144 1277 293 1312 latinam
315 1276 434 1313 fluxit.

144 1338 228 1373 CA».
249 1340 333 1374 XV.
354 1341 543 1375 Oratorem
554 1340 757 1375 verborum.
774 1339 938 1389 Respicit
948 1340 1084 1378 Noster
1098 1342 1251 1378 Homeri
1262 1343 1391 1387 Iliad„
1405 1344 1427 1378 l.
1441 1356 1499 1379 1x:

298 1460 411 1492 Μύθων
432 1473 466 1492 τε
486 1461 592 1504 ῥητῆρ’
612 1461 724 1505 ἔμναι,
743 1473 892 1507 πρηκτρα
911 1475 946 1495 τε
967 1463 1075 1508 ἔργων·

193 1568 279 1602 cip,
300 1568 402 1603 XVI.
428 1568 681 1602 Theramenes.
701 1566 792 1611 Ejus
814 1566 980 1601 meminit
1000 1568 1131 1603 Cicero
1150 1568 1188 1603 in
1209 1570 1341 1611 Bruto,
1367 1581 1443 1615 vn,
1464 1576 1500 1605 et

143 1625 258 1661 fusius
275 1628 510 1673 Xenophon,
539 1626 631 1660 Hist.
656 1626 799 1667 Graec„
822 1625 886 1660 lib.
910 1638 954 1661 11.
989 1628 1151 1663 Notatur
1176 1629 1313 1663 mobile
1341 1629 1437 1665 illius
1464 1638 1499 1666 et

141 1686 315 1720 callidum
327 1686 516 1734 ingenium
527 1686 679 1733 vulgato
693 1684 740 1720 ad
759 1684 797 1720 id
814 1685 1016 1732 proverbio
1029 1695 1211 1738 Θεραμένης
1228 1695 1380 1739 κόθορνος
1394 1690 1498 1736 quod

140 1756 256 1791 genus
282 1745 382 1781 istud
402 1745 636 1781 calceamenti
653 1744 804 1793 utrique
822 1746 911 1792 pedi
931 1747 1165 1792 conveniret3
1185 1749 1498 1796 quemadmodum

143 1811 179 1839 et
198 1804 260 1840 ille
278 1806 429 1853 utrique
447 1806 544 1853 parti
562 1817 639 1841 sese
659 1806 975 1842 accommodabat.
995 1810 1134 1844 PnrAv.

198 1867 503 1912 Thrasymachus.
527 1865 799 1903 Chalcedonius
812 1895 822 1912 ,
841 1867 892 1902 ait
909 1868 1060 1913 Suidas‚
1082 1869 1112 1905 is
1130 1870 1201 1905 fuit
1218 1870 1403 1918 sophista,
1432 1872 1498 1920 qui

138 1926 278 1974 primus
303 1926 501 1974 periodum
530 1926 686 1971 invenit,
713 1926 913 1975 discipulus
937 1928 1099 1964 Platonis
1133 1937 1170 1965 et
1200 1932 1370 1967 Isocratis
1395 1945 1403 1967 :
1429 1944 1496 1968 ex-

140 1987 271 2022 cellens
307 1987 484 2033 opinione
514 1986 747 2035 eloquentiae.
777 1987 874 2023 Hinc
907 1989 1151 2035 proverbium
1182 1991 1283 2038 apud
1314 1994 1459 2027 Graecos
1485 2005 1494 2027 :

138 2058 216 2080 non
240 2045 425 2083 difficilius
445 2060 520 2084 esse
552 2047 686 2082 radere
704 2048 867 2094 leonem,
889 2060 1001 2096 quam
1028 2049 1247 2087 convincere
1273 2052 1494 2100 Thrasyma-

139 2107 258 2141 chum.
279 2109 415 2142 PETAv.

194 2169 280 2202 Cap,
308 2169 415 2203 XIX.
452 2169 498 2203 Ut
525 2181 573 2203 επ
597 2168 805 2216 Apennino.
833 2169 1064 2217 Propositam
1091 2171 1380 2219 disputationem
1410 2179 1495 2219 apta

139 2228 376 2263 similitudine
406 2229 606 2264 concludit.
642 2228 967 2274 Quemadmodum
994 2234 1090 2267 enim
1118 2232 1337 2280 Apenninus
1373 2246 1494 2279 mons,

139 2288 203 2335 qui
230 2289 341 2323 Italiae
376 2289 633 2337 amplissimus,
659 2290 849 2337 perpetuis
878 2290 977 2339 jugis
1005 2294 1052 2329 ab
1076 2295 1232 2342 Alpibus
1260 2295 1414 2330 tendens
1445 2296 1494 2330 ad

139 2349 302 2384 Siculum
321 2350 476 2395 fretum,
498 2357 540 2385 ut
558 2352 609 2386 ait
627 2351 784 2397 Plinius,
805 2363 854 2385 111
866 2379 876 2396 ,
900 2350 942 2396 5,
961 2353 1030 2390 alia
1042 2353 1193 2391 flumina
1213 2355 1343 2390 emittit
1360 2356 1398 2390 in
1417 2357 1492 2391 Su-

138 2420 292 2455 perum,
316 2410 388 2444 hoc
420 2417 474 2445 est
505 2411 742 2447 Adriaticum
782 2423 882 2446 mare
892 2424 902 2455 3
926 2412 1014 2458 alia,
1054 2415 1093 2450 in
1122 2417 1306 2461 Inferum,
1334 2416 1407 2451 hoc
1439 2422 1493 2451 est

141 2469 391 2515 Tyrrhenum,
420 2469 494 2505 sive
522 2472 704 2516 Tuscum,
724 2483 885 2518 quorum
910 2471 1001 2508 illud
1025 2481 1265 2521 portuosum,
1285 2482 1320 2510 et
1339 2478 1488 2510 Graeco-

138 2540 221 2563 rum
251 2530 471 2565 commercio
497 2531 688 2578 frequens3
714 2534 785 2567 hoc
809 2531 1030 2578 barbarum,
1057 2538 1310 2583 scopulosum,
1339 2548 1379 2570 ac
1401 2534 1488 2569 infi-

139 2588 227 2623 dum
248 2603 255 2624 :
275 2590 324 2625 ita
352 2591 503 2625 omnino
523 2593 649 2627 eadem
678 2606 721 2628 ex
742 2593 974 2640 philosophia
996 2596 1152 2632 divortia
1179 2597 1271 2631 facta
1296 2602 1378 2630 sunt
1405 2602 1484 2630 stu-
