1843 3166
299 229 316 260 7
324 229 345 250 o
821 219 882 253 ΠΕ
914 219 979 253 OR
987 219 1080 254 ΛΤΟ
1086 219 1113 253 R
1122 219 1148 253 E

299 310 455 356 trarer,
484 304 526 345 P.
560 302 749 346 Rutilius
781 304 934 358 Rnl'ns,
961 304 1090 346 bomo
1114 303 1289 357 doctus,
1314 313 1351 345 et
1382 301 1665 363 philosophiae

298 381 491 438 deditus,
519 400 604 426 non
632 384 760 427 modo
781 401 933 444 parum
954 383 1203 438 commode,
1229 382 1300 425 sed
1323 384 1450 426 etiam
1478 384 1666 443 turpiter

298 473 340 505 et
368 463 577 524 flagitiose
609 465 724 508 dicta
754 482 844 508 esse
878 464 1060 508 dicebat.
1098 464 1307 523 Idemque
1334 464 1532 507 Servium
1559 463 1666 507 Gal-

301 543 420 598 bam,
455 561 582 603 quem
621 545 841 588 hominem
873 546 1007 605 probe
1041 545 1389 587 commeminisse
1427 561 1470 587 se
1504 544 1668 597 aiebat,

300 625 567 684 pergraviter
587 624 907 684 reprehendere
930 624 1111 680 solebat,
1143 623 1259 684 quod
1284 625 1338 679 is,
1356 627 1403 668 L.
1433 625 1666 668 Scribonio

299 706 579 763 quaestionem
610 706 650 748 in
675 722 774 748 eum
802 705 989 759 ferente,
1017 704 1165 765 populi
1192 704 1535 748 misericordiam
1564 721 1669 747 con-

298 786 487 839 citasset,
516 802 650 845 quum
680 788 742 828 M.
770 787 904 841 Cato,
935 785 1086 832 Galbae
1123 786 1267 845 gravis
1300 795 1432 844 atque
1462 801 1562 828 acer
1591 786 1671 828 ini-

299 867 456 921 mieus,
488 883 636 926 aspere
667 866 782 926 apud
817 865 1027 926 populum
1060 882 1289 909 romanum
1320 875 1363 909 et
1387 866 1669 909 vehementer

298 958 403 989 esset
431 946 599 989 loeutus
625 963 632 988 ε
661 962 791 1004 quam
817 946 1061 988 orationem
1085 946 1126 987 in
1156 945 1411 1005 Originibus
1434 947 1521 989 suis
1541 963 1672 1007 expo-

300 1027 384 1069 suit
412 1027 514 1085 ipse.

379 1106 742 1165 Reprehendebat
786 1108 918 1166 igitur
967 1106 1152 1150 Galbam
1199 1108 1393 1152 Rutilius
1412 1144 1423 1165 ,
1472 1109 1590 1168 quod
1638 1111 1672 1153 is

299 1190 347 1229 C.
382 1185 562 1246 Sulpicii
595 1186 731 1242 Galli,
773 1188 1009 1247 propinqui
1049 1189 1141 1243 sui,
1179 1189 1232 1245 Q.
1278 1188 1495 1249 pupillum
1534 1188 1672 1233 filium

304 1268 390 1326 ipse
416 1284 535 1326 paene
563 1268 605 1310 in
633 1268 837 1311 humeros
863 1285 963 1311 suos
987 1267 1228 1324 extulisset,
1259 1270 1332 1328 qui
1358 1270 1493 1329 patris
1523 1268 1673 1313 claris-

302 1347 395 1388 simi
429 1348 731 1392 recordatione
764 1357 806 1393 et
839 1348 1048 1391 memoria
1078 1347 1229 1390 ssetum
1261 1347 1426 1408 populo
1459 1359 1674 1405 moveret,

303 1436 344 1470 ct
370 1426 479 1472 duos
505 1428 616 1473 filios
642 1446 741 1473 suos
769 1447 924 1490 parvos
955 1427 1098 1473 tutelze
1128 1427 1277 1490 populi
1307 1432 1674 1486 commendasset,

302 1525 351 1551 ac
377 1526 440 1565 se,
468 1519 676 1570 tanquam
710 1512 751 1554 in
782 1512 1012 1572 procinctu
1041 1520 1350 1554 testamentum
1379 1511 1558 1568 faceret,
1583 1513 1675 1555 sine

301 1588 410 1632 libra
446 1600 575 1649 atque
615 1591 789 1647 tabulis,
821 1590 1035 1651 populum
1070 1608 1301 1635 romanum
1334 1602 1522 1635 tutorem
1554 1593 1677 1636 insti-

302 1679 422 1712 tuere
450 1656 627 1714 dixisset
656 1671 829 1714 illorum
861 1672 1053 1715 orbitati.
1082 1674 1236 1732 Itaque
1268 1689 1405 1731 quum
1437 1683 1481 1716 et
1512 1673 1676 1716 invidia

301 1760 342 1793 et
371 1751 472 1794 odio
496 1752 647 1812 populi
671 1763 764 1795 tum
796 1751 939 1797 Galba
967 1762 1260 1813 premeretur,
1287 1752 1353 1795 his
1379 1769 1554 1812 quoque
1577 1770 1675 1796 eum

304 1831 524 1892 tragoediis
553 1832 787 1876 liberatum
820 1834 1005 1889 ferebat,
1036 1832 1154 1892 quod
1185 1834 1288 1875 item
1316 1833 1434 1894 apud
1462 1835 1675 1878 Catonem

301 1913 511 1972 scriptum
536 1930 627 1957 esse
653 1913 797 1970 video,
823 1915 910 1958 nisi
924 1915 1077 1976 pueris
1103 1923 1141 1957 et
1170 1913 1380 1973 lacrymis
1406 1930 1514 1958 usus
1540 1923 1673 1968 esset,

289 2008 456 2053 poenczs
480 2011 577 2038 eccm
605 1995 817 2039 datarum
830 1996 994 2053 fuisse.
1020 1997 1122 2038 Haec
1142 1993 1335 2038 Rutilius
1359 1993 1484 2037 valde
1511 1995 1677 2054 vitupe-

302 2073 446 2130 rabat,
479 2085 520 2118 et
550 2076 652 2118 huic
688 2075 947 2132 humilitati,
981 2075 1172 2129 dicebat,
1205 2074 1272 2118 vel
1308 2074 1507 2118 exsilium
1544 2075 1676 2119 fuisse

300 2152 368 2197 vel
397 2164 581 2198 mortem
604 2155 969 2216 anteponendam.

364 2237 519 2294 Neque
549 2252 652 2279 vero
678 2237 761 2279 hoe
797 2236 938 2280 solum
967 2237 1092 2294 dixit,
1128 2238 1202 2282 sed
1236 2239 1327 2298 ipse
1360 2247 1402 2280 et
1439 2237 1600 2292 sensit,
1633 2247 1677 2281 et

302 2314 414 2358 fecit.
440 2316 553 2359 Nam
579 2332 717 2376 quum
744 2327 855 2361 esset
887 2317 958 2361 ille
985 2319 1052 2361 vir
1081 2317 1348 2378 exemplum,
1376 2328 1424 2361 ut
1451 2318 1585 2374 scitis,
1609 2318 1676 2360 in-

302 2396 542 2452 nocentiae3
577 2413 803 2457 quumque
834 2397 906 2441 illo
937 2415 1064 2442 nemo
1090 2415 1231 2458 neque
1258 2399 1468 2460 integrior
1492 2407 1602 2441 esset
1630 2399 1674 2440 in

294 2476 500 2534 civitate,
533 2494 674 2537 neque
705 2480 916 2533 sanctior,
948 2496 1035 2523 non
1071 2480 1203 2524 modo
1237 2479 1419 2540 supplex
1451 2478 1675 2538 judicibus

303 2574 393 2599 esse
420 2556 581 2611 noluit,
609 2558 681 2601 sed
709 2575 762 2601 ne
785 2561 981 2603 ornatius
1000 2560 1175 2619 quidem
1197 2571 1271 2603 aut
1298 2559 1476 2602 liberius
1497 2575 1671 2603 causam

306 2637 389 2680 dici
414 2654 558 2694 suan),
577 2655 707 2697 quam
733 2638 913 2698 simplex
941 2642 1050 2683 ratio
1076 2642 1269 2683 veritatis
1293 2639 1470 2683 ferebat.
1488 2638 1674 2682 Paulum
