1843 3166
722 206 862 241 LIBER
897 208 941 241 ll.
1447 225 1514 257 ¹07

143 289 329 350 reliqua,
352 291 454 349 quia
474 299 547 333 aut
568 287 784 346 faciliora,
807 301 882 334 aut
901 291 1056 335 similia
1076 294 1181 349 sint,
1206 295 1314 338 tradi
1338 314 1424 340 non
1448 315 1518 341 ne-

141 387 257 414 cesse
278 387 392 427 esse;
428 380 474 413 ut
507 371 549 412 i11
580 370 772 430 pictura,
810 372 886 431 qui
914 372 1101 416 hominis
1127 375 1311 434 speciem
1340 376 1517 436 pingere

140 449 435 508 perdidicerit,
470 466 594 510 posse
621 467 720 494 eum
747 451 937 511 cujusvis
967 452 1032 495 vel
1059 453 1226 509 formae,
1263 454 1327 497 vel
1358 458 1518 508 aetatis,

139 531 305 573 etiamsi
326 547 413 573 non
432 529 649 587 didicerit,
670 532 870 592 pingerc;
893 549 1035 593 neque
1052 549 1142 577 esse
1158 534 1424 594 periculum,
1446 537 1518 595 qui

138 608 330 663 leonem,
364 620 439 654 aut
464 620 638 654 taurum
663 612 815 672 pingat
836 614 1029 674 egregie,
1064 630 1118 657 ne
1148 614 1261 657 idem
1296 616 1339 658 in
1373 615 1519 659 multis

138 688 230 732 aliis
251 690 611 751 quadrupedibus
632 690 775 735 facere
803 709 891 736 non
917 694 1054 754 possit
1074 695 1235 756 (neque
1256 705 1321 739 est
1339 697 1518 739 omnino

138 786 206 813 ars
227 769 338 825 ulla,
360 772 404 814 in
425 788 512 831 qua
531 773 698 827 omnia,
720 790 814 833 quae
831 772 904 817 illa
921 784 1012 817 arte
1029 774 1140 818 effici
1161 786 1360 835 possunt,
1383 793 1407 820 a
1422 776 1519 820 doc·

135 860 227 894 tore
262 850 514 908 tradantur3
550 852 623 896 sed
656 854 731 912 qui
765 854 1005 913 primarum
1041 864 1083 898 et
1117 865 1334 899 certarum
1370 873 1516 899 rerum

133 948 294 993 genera
318 932 409 993 ipsa
433 931 708 989 didicerunt,
742 932 911 994 reliqua
945 951 1033 978 non
1066 936 1340 979 incommode
1373 953 1519 997 perse-

135 1013 364 1074 quuntur).

195 1093 401 1137 Similiter
431 1095 633 1147 arbitror,
669 1095 712 1137 in
742 1095 825 1138 hac
852 1097 941 1138 sive
968 1097 1160 1150 ratione,
1194 1098 1283 1140 sive
1310 1098 1517 1141 exercita-

132 1176 251 1217 tione
272 1173 468 1230 dicendi,
498 1175 571 1234 qui
603 1173 720 1218 illam
742 1177 828 1218 vim
854 1175 1034 1236 adeptus
1057 1177 1130 1231 sit,
1159 1187 1207 1220 ut
1228 1194 1379 1220 eorum
1405 1194 1520 1221 men-

132 1264 215 1312 tes,
237 1258 311 1316 qui
332 1266 406 1299 aut
427 1256 480 1299 de
501 1255 747 1316 republica,
778 1267 852 1299 aut
872 1257 925 1299 de
947 1258 1080 1317 ipsius
1102 1257 1254 1314 rebus,
1277 1267 1351 1300 aut
1371 1257 1423 1300 de
1445 1258 1518 1307 iis,

133 1347 285 1381 contra
305 1354 438 1397 quos,
463 1347 537 1380 aut
559 1354 638 1398 pro
663 1338 821 1397 quibus
845 1337 990 1392 dicat,
1014 1355 1114 1381 cum
1136 1337 1280 1398 aliqua
1301 1337 1519 1382 statuendi

133 1427 345 1478 potestate
381 1417 583 1473 audiant,
629 1417 683 1460 ad
717 1434 845 1460 suum
883 1418 1114 1461 arbitrium
1146 1435 1322 1461 movere
1362 1418 1518 1478 possit,

135 1498 250 1542 hunc
271 1497 325 1541 de
347 1508 437 1542 toto
458 1497 532 1541 illo
554 1514 714 1559 genere
741 1497 1009 1558 reliquarum
1037 1500 1286 1542 orationum
1308 1517 1395 1543 non
1421 1498 1520 1560 plus

132 1579 417 1637 quaesiturum
448 1595 559 1634 esse,
593 1578 697 1638 quid
726 1578 865 1634 dicat,
899 1595 1032 1638 quam
1066 1578 1338 1638 Polycletum
1372 1578 1517 1636 illum,

133 1676 269 1718 quum
301 1659 540 1703 Herculem
570 1659 785 1720 fingebat,
826 1658 1197 1719 quemadmodum
1229 1659 1409 1720 pellem,
1441 1670 1518 1703 aut

134 1740 316 1800 hydram
339 1741 548 1802 fingeret,
567 1740 738 1784 etiamsi
758 1740 847 1783 haec
865 1757 1094 1800 nunquam
1118 1741 1354 1800 separatim
1375 1740 1516 1785 facere

135 1821 367 1865 didicisset.

196 1903 541 1946 XVIL——Tum
565 1901 750 1947 Catulus
777 1918 785 1944 :
819 1900 1031 1945 Praeclare
1061 1902 1169 1945 mihi
1203 1902 1385 1959 videris,
1424 1905 1516 1947 An-

134 1983 251 2038 toni,
282 1983 478 2043 posuisse
499 1992 600 2026 ante
623 1981 795 2037 oculos,
826 1982 932 2042 quid
956 1981 1124 2026 discere
1144 1992 1371 2042 oporteret
1388 1999 1487 2026 eum
1505 2018 1515 2037 ,

134 2064 210 2123 qui
237 2072 386 2107 orator
409 2073 521 2107 esset
546 2063 742 2119 futurus;
774 2061 880 2123 quid
907 2063 1058 2119 etiam,
1088 2065 1122 2106 si
1148 2080 1236 2106 non
1264 2062 1516 2116 didicisset,

135 2161 188 2187 ex
210 2160 282 2199 eo,
310 2145 427 2203 quod
450 2143 691 2200 didicisset,
715 2160 933 2187 assumere
955 2161 963 2186 :
995 2143 1212 2186 deduxisti
1234 2143 1350 2186 enim
1377 2152 1514 2187 totum

134 2224 359 2268 hominem
386 2224 429 2267 in
456 2224 544 2268 duo
571 2223 712 2268 solum
737 2240 896 2285 genera
927 2240 1187 2279 causarum,
1217 2233 1362 2267 cetera
1385 2223 1516 2267 innu-

136 2304 361 2348 merabilia
390 2305 694 2348 exercitationi
719 2314 763 2348 et
787 2303 1065 2348 similitudini
1088 2303 1318 2364 reliquisti.
1352 2303 1437 2348 Sed
1461 2305 1518 2347 vi·

136 2385 260 2442 deto,
290 2402 344 2428 ne
370 2386 414 2428 in
439 2386 530 2428 istis
554 2384 726 2430 duobus
746 2385 976 2446 generibus
998 2384 1137 2445 hydra
1156 2385 1235 2428 tibi
1259 2384 1339 2441 sit,
1363 2394 1405 2428 et
1425 2383 1515 2444 pel-

137 2466 208 2521 lis3
236 2464 449 2509 Hercules
474 2475 642 2523 autem,
680 2477 723 2510 et
761 2465 844 2508 alia
881 2482 1014 2525 opera
1050 2465 1242 2525 maJ'ora,
1283 2480 1338 2507 ne
1363 2464 1406 2507 in
1434 2461 1515 2506 illis

136 2546 286 2602 rebus,
317 2563 423 2606 quas
444 2547 760 2607 praetermittis,
793 2546 1114 2605 relinquantur.
1138 2547 1239 2590 Non
1267 2546 1383 2589 enim
1409 2544 1513 2587 mihi

140 2628 281 2671 minus
321 2628 463 2687 operis
503 2626 677 2670 videtur
718 2626 769 2669 (le
813 2626 1025 2670 universis
1071 2626 1301 2687 generibus
1347 2641 1513 2678 rerum,
