1843 3166
730 180 875 216 LIBER
904 183 952 216 ΙΙ.
1449 201 1460 223 1
1471 188 1491 224 5
1503 202 1516 224 ι

154 255 304 317 populi
324 260 489 304 romani
506 261 799 320 iracundiam,
820 281 960 326 neque
982 283 1076 311 eam
1094 268 1314 328 injustam,
1332 271 1415 316 ¹sed
1429 290 1519 318 me-

153 336 280 381 ritam
303 355 354 383 ac
377 339 564 384 debitam
587 341 717 386 fuisse
739 343 1002 390 defenderes.
1019 347 1186 391 Deinde
1206 350 1279 408 qui
1306 349 1425 395 locus
1446 353 1520 397 abs

154 426 194 460 te
221 421 532 478 praetermissus
548 431 612 465 est
637 422 681 465 in
706 424 985 484 Caepionem?
1009 436 1057 470 ut
1076 436 1123 470 tu
1142 426 1213 471 illa
1234 430 1380 472 omnia
1397 430 1520 488 odio,

153 498 335 554 invidia,
355 500 650 546 misericordia
672 503 912 548 miscuisti?
939 507 1093 566 Neque
1112 507 1201 552 haec
1219 507 1361 552 solum
1384 510 1427 553 in
1449 510 1522 554 de-

151 577 366 637 fensione,
393 580 467 624 sed
490 582 619 626 etiam
643 583 686 626 in
710 585 896 642 Scauro,
924 588 1166 647 ceterisque
1186 589 1292 632 meis
1318 590 1520 646 testibus,

149 675 336 718 quorum
363 663 608 708 testimonia
638 681 726 709 non
757 665 1014 725 refellendo,
1041 668 1115 712 sed
1142 668 1195 713 ad
1217 669 1416 714 eumdem
1440 671 1518 714 im-

148 749 298 800 petum
325 743 477 804 populi
505 745 820 808 confugiendo,
842 748 1050 793 refutasti.
1077 751 1188 808 Quae
1212 768 1348 811 quum
1377 752 1452 796 abs
1478 761 1520 796 te

148 821 280 865 modo
306 837 774 885 commemorarentur,
798 829 999 889 equidem
1023 828 1144 874 nulla
1174 842 1387 893 praecepta
1410 832 1520 877 desi-

151 902 356 948 derabam
378 923 387 948 :
418 906 544 950 istam
571 909 686 952 enim
706 909 843 970 ipsam
871 910 1285 956 demonstrationem
1307 911 1519 957 defensio-

148 1000 253 1028 num
276 994 451 1030 tuarum
469 988 545 1033 abs
562 998 603 1032 te
622 989 716 1051 ipso
736 1001 1142 1048 commemoratam,
1163 992 1405 1037 doctrinam
1425 1009 1514 1038 esse

146 1080 236 1108 non
262 1065 524 1113 mediocrem
551 1079 673 1130 puto.

209 1175 274 1181 —
299 1150 454 1209 Atqui,
491 1150 525 1193 si
559 1150 619 1194 ita
649 1150 811 1212 placet,
843 1153 985 1213 inquit
1019 1151 1264 1208 Antonius,
1298 1151 1517 1196 trademus

146 1228 296 1282 etiam,
322 1246 416 1289 quae
440 1247 518 1274 nos
538 1232 660 1292 sequi
683 1233 726 1276 in
754 1232 960 1290 dicendo,
988 1249 1170 1294 quaeque
1189 1232 1377 1275 maxime
1395 1247 1516 1292 spec-

146 1318 238 1353 tare
265 1309 452 1354 solemus
476 1327 485 1355 ε
513 1311 662 1356 docuit
690 1313 804 1356 enim
829 1313 921 1374 jam
951 1330 1030 1357 nos
1057 1311 1188 1373 longa
1216 1312 1303 1355 vita
1327 1328 1516 1371 ususque

147 1405 294 1433 rerum
315 1391 626 1448 maximarum,
667 1402 739 1447 ut,
776 1393 935 1453 quibus
965 1393 1096 1436 rebus
1131 1391 1264 1435 animi
1285 1391 1515 1435 hominum

145 1480 440 1528 moverentur,
466 1482 726 1518 teneremus.

210 1554 284 1596 LI.
324 1552 540 1613 Equidem
577 1554 766 1615 primum
794 1554 1068 1599 considerare
1102 1552 1239 1609 soleo,
1270 1549 1516 1613 postuletne

144 1649 273 1677 causa
302 1650 311 1677 z
344 1650 446 1678 nam
476 1651 616 1694 neque
644 1635 788 1694 parvis
815 1635 860 1678 in
885 1635 1013 1678 rebus
1046 1632 1298 1677 adhibendae
1326 1641 1427 1675 sunt
1452 1632 1518 1675 hae

145 1713 319 1758 dicendi
344 1714 479 1771 faces,
501 1731 641 1774 neque
662 1715 722 1758 ita
749 1715 947 1758 animatis
966 1713 1240 1768 hominibus,
1267 1722 1316 1756 ut
1334 1711 1442 1755 nihil
1461 1711 1515 1755 ad

144 1810 295 1838 eorum
316 1804 480 1838 mentes
500 1795 696 1839 oratione
715 1794 946 1838 flectendas
971 1793 1182 1855 proficere
1202 1792 1441 1853 possimus,
1462 1808 1516 1835 ne

146 1883 221 1918 aut
242 1874 461 1928 irrisione,
493 1883 568 1918 aut
592 1873 694 1918 odio
721 1873 840 1934 digni
871 1882 1089 1934 putemur,
1119 1873 1153 1915 si
1181 1881 1256 1915 aut
1283 1870 1516 1931 tragoedias

144 1970 321 2015 agamus
346 1955 392 1998 in
412 1954 559 2015 nugis,
585 1963 659 1998 aut
681 1952 927 1998 convellere
945 1953 1194 1996 adoriamur
1215 1967 1265 1994 ea
1280 1984 1292 2005 ,
1316 1967 1411 2010 quae
1425 1967 1514 1994 non

144 2036 314 2096 possint
336 2035 613 2079 commoveri.

207 2115 323 2159 Nam
335 2116 544 2175 quoniam
556 2115 647 2159 haec
663 2114 752 2159 fere
764 2115 949 2158 maxime
959 2123 1061 2157 sunt
1075 2113 1117 2155 in
1131 2110 1328 2172 judicum
1339 2111 1492 2154 animis
1502 2145 1513 2162 ,

145 2205 241 2252 aut,
266 2195 530 2256 quicumque
557 2195 618 2240 illi
643 2205 792 2251 erunt,
817 2195 934 2256 apud
957 2210 1067 2255 quos
1088 2208 1290 2255 agemUS,
1315 2191 1513 2235 oratione

145 2275 384 2332 molienda,
400 2292 536 2334 amor,
552 2277 722 2335 odium,
738 2275 984 2333 iracundia,
999 2274 1183 2331 invidia,
1195 2271 1511 2326 misericordia,

145 2373 263 2419 spes,
283 2355 451 2414 laetitia,
480 2358 624 2415 timor,
651 2357 848 2402 molestia
878 2374 887 2401 ε
917 2356 1123 2402 sentimus
1150 2369 1343 2398 amorem
1366 2352 1511 2395 conci-

144 2436 262 2493 liari,
285 2438 320 2481 si
337 2437 382 2481 id
404 2436 599 2493 videare,
625 2438 743 2499 quod
769 2439 823 2482 sit
846 2436 950 2481 utile
970 2437 1096 2497 ipsiS‚
1121 2433 1237 2496 apud
1258 2449 1365 2493 quos
1387 2447 1510 2492 agas,

147 2517 403 2575 defendere3
429 2518 463 2562 si
486 2527 561 2562 aut
586 2535 667 2579 pro
690 2519 815 2563 bonis
838 2518 961 2574 viris,
990 2526 1066 2560 aut
1089 2525 1203 2560 certe
1228 2529 1309 2574 pro
1336 2512 1408 2566 iiS‚
1437 2512 1511 2571 qui

145 2598 228 2642 illis
258 2599 363 2642 boni
400 2608 529 2659 atque
559 2598 683 2643 utiles
713 2599 818 2656 sint,
850 2598 1062 2642 laborare.
1094 2598 1304 2654 Namque.-
1327 2592 1416 2635 haec
1445 2607 1512 2634 res
