1843 3166
704 231 844 265 LIBER
877 232 901 264 1.
1430 236 1473 269 33

124 308 238 362 nius,
271 324 321 351 ex
359 309 485 352 rebus
525 312 697 368 penitus
737 314 991 372 perspectiS,
1026 313 1238 374 planeque
1270 319 1473 378 cognitis,

122 396 250 446 atque
278 387 330 430 ab
357 388 574 447 opinionis
604 390 784 434 arbitrio
810 393 1041 451 sejunctis,
1066 396 1329 455 scientiaque
1355 414 1472 442 com-

121 467 369 526 prehensis3
392 483 477 510 non
501 467 605 510 mihi
631 469 802 513 videtur
827 487 895 514 ars
913 473 1099 515 oratoris
1121 489 1212 517 esse
1234 473 1334 518 ulla.
1362 478 1472 520 Sunt

120 546 237 590 enim
264 546 402 601 varia,
429 556 473 589 et
498 546 552 589 ad
583 545 806 607 vulgarem
838 550 1179 611 popularemque
1206 569 1377 597 sensum
1400 571 1472 598 ac-

120 626 391 670 commodata
432 626 577 669 omnia
612 643 770 686 genera
812 627 939 687 hujus
976 629 1156 673 forensis
1195 643 1348 676 nostrae
1382 634 1474 677 dic-

121 706 263 750 tionis.

181 786 258 830 Sin
282 795 427 830 autem
455 802 528 842 ea,
554 803 649 846 quae
676 787 904 832 observata
929 799 1029 832 sunt
1056 792 1097 833 in
1124 808 1204 835 usu
1228 808 1277 836 ac
1304 795 1472 838 ratione

118 864 311 921 dicendi,
341 866 431 909 haec
460 867 514 910 ab
543 867 793 911 hominibus
826 867 992 912 callidis
1022 886 1072 913 ac
1102 872 1250 930 peritis
1279 873 1474 916 animad-

118 961 242 989 versa
269 962 317 989 ac
346 955 516 1001 notata,
541 947 682 991 verbis
710 947 954 1009 designata,
979 950 1208 1010 generibus
1239 950 1474 1008 illustrata,

118 1026 313 1085 partibus
339 1025 571 1070 distributa
596 1036 696 1070 sunt
726 1027 788 1087 (id
813 1028 930 1087 quod
958 1028 1049 1072 fieri
1080 1031 1273 1090 potuisse
1298 1031 1472 1091 video):

119 1121 206 1148 non
230 1104 447 1166 intelligo,
471 1107 754 1165 quamobrem
778 1124 887 1161 non,
911 1109 945 1152 si
970 1110 1113 1153 minus
1135 1108 1207 1154 illa
1234 1110 1380 1155 subtili
1400 1111 1474 1156 de-

119 1183 336 1240 finitione,
356 1195 400 1228 at
422 1185 503 1229 hac
523 1184 691 1246 vulgari
710 1187 936 1246 opinione,
960 1204 1029 1231 ars
1051 1204 1140 1232 esse
1162 1189 1368 1234 videatur.
1391 1191 1476 1235 Sed

119 1263 208 1306 sive
229 1273 294 1307 est
320 1280 410 1319 ars,
439 1265 527 1307 sive
550 1265 654 1308 artis
675 1265 872 1324 quaedam
901 1266 1158 1322 similitudo,
1179 1285 1266 1311 non
1291 1279 1355 1312 est
1377 1271 1475 1329 qui-

117 1342 214 1386 dem
240 1359 289 1387 ea
314 1342 570 1404 negligenda
592 1361 600 1386 :
623 1360 773 1387 verum
798 1343 1129 1405 intelligendum
1149 1356 1236 1402 est,
1259 1346 1341 1391 alia
1361 1365 1475 1408 quae-

117 1421 216 1465 dam
240 1421 294 1465 ad
318 1423 666 1482 consequendam
684 1422 976 1483 eloquentiam
998 1442 1089 1469 esse
1107 1427 1285 1486 majora.

179 1502 340 1545 XXIV.
375 1503 487 1545 Tum
503 1502 722 1545 Antonius
740 1502 1018 1547 vehementer
1035 1520 1080 1547 se
1097 1505 1305 1549 assentire
1319 1507 1476 1550 Crasso

117 1580 246 1637 dixit,
262 1580 378 1641 quod
395 1598 534 1641 neque
550 1583 608 1625 ita
627 1581 962 1642 amplecteretur
975 1593 1134 1638 artem,
1150 1594 1196 1627 ut
1216 1585 1246 1628 ii
1267 1585 1477 1640 solerent,

118 1660 193 1720 qui
216 1677 389 1705 omnem
412 1661 500 1704 vim
523 1660 696 1705 dicendi
715 1663 758 1705 in
777 1671 869 1705 arte
889 1672 1120 1722 ponerent,
1141 1680 1282 1723 neque
1304 1681 1476 1710 rursum

116 1756 211 1784 eam
245 1750 400 1794 totam,
433 1741 545 1784 sicut
580 1740 774 1801 plerique
808 1741 1057 1802 philosophi
1092 1743 1304 1800 facerent,
1345 1761 1476 1805 repu-

117 1819 267 1863 diaret.
291 1819 374 1863 Sed
395 1820 612 1876 existimo,
638 1821 800 1880 inquit,
824 1831 995 1881 gratum
1021 1831 1062 1865 te
1085 1822 1170 1875 his,
1195 1824 1365 1880 Crasse,
1391 1824 1478 1869 fac-

119 1909 284 1956 turum,
304 1901 339 1943 si
362 1901 442 1944 ista
464 1901 734 1960 exposueris,
756 1917 851 1960 quae
873 1910 999 1960 putas
1026 1901 1081 1944 ad
1105 1901 1338 1946 dicendum
1357 1903 1477 1963 plus,

118 1996 247 2039 quam
273 1981 411 2040 ipsam
433 1989 594 2035 artem,
620 1995 745 2039 posse
772 1979 988 2039 prodesse.

178 2059 333 2103 Dicam
354 2058 577 2119 equidem,
597 2059 802 2119 quoniam
824 2059 1017 2114 institui,
1036 2069 1267 2120 petamque
1290 2077 1313 2104 a
1334 2063 1477 2119 vobis,

117 2139 282 2198 inquit,
305 2154 359 2182 ne
378 2138 455 2183 has
473 2155 588 2182 meas
611 2138 794 2199 ineptias
814 2138 1002 2182 efferatis
1022 2155 1030 2182 :
1055 2155 1304 2200 quanquam
1331 2142 1479 2187 mode-

117 2217 246 2260 rabor
273 2218 381 2277 ipse,
417 2234 491 2273 ne,
516 2228 564 2261 ut
593 2216 770 2277 quidam
802 2218 1008 2278 magister
1036 2228 1166 2277 atque
1197 2219 1375 2273 artifex,
1405 2222 1478 2265 sed

117 2297 238 2357 quasi
264 2312 376 2340 unus
404 2313 427 2340 e
457 2307 705 2358 togatorum
731 2314 936 2353 numero,
964 2307 1094 2357 atque
1122 2314 1173 2341 ex
1202 2298 1363 2343 forensi
1398 2317 1476 2345 usn

117 2377 249 2420 homo
268 2376 521 2431 mediocris,
544 2394 685 2437 neque
710 2381 891 2420 omnino
911 2377 1054 2432 rudis,
1082 2378 1252 2433 videar,
1276 2396 1363 2423 non
1390 2381 1478 2440 ipse

117 2456 282 2517 aliquid
307 2473 331 2500 a
354 2473 421 2500 me
445 2459 733 2518 prompsisse,
754 2457 828 2500 sed
851 2457 1034 2500 fortuito
1055 2458 1098 2500 in
1121 2474 1366 2502 sermonem
1388 2477 1478 2502 ves-

122 2546 236 2579 trum
260 2537 474 2581 incidisse.

182 2616 419 2675 Equidem,
450 2633 583 2676 quum
618 2627 810 2677 peterem
855 2618 1179 2678 magistratum,
1212 2618 1402 2662 solebam
1437 2621 1477 2663 in

1233 2678 1254 2693 ’Ἰ

298 2706 343 2734 11.
1246 2698 1256 2719 '
