1843 3166
356 274 399 303 '21‘5
863 274 924 306 DE
954 270 1189 304 ORATORF.

415 359 523 400 Nam
554 357 765 416 primuni,
794 356 912 414 quasi
947 354 1089 397 dedita
1115 368 1246 412 opera
1275 353 1490 395 neminem
1518 351 1697 408 scripto-

354 453 441 479 rem
461 437 564 479 artis
581 454 632 479 nc
652 436 924 478 mediocriter
943 432 1117 492 quidem
1139 432 1345 475 disertum
1363 432 1490 475 fuisse
1511 430 1700 482 dicebat,

355 533 487 575 quum
524 525 731 576 repeteret
772 530 906 571 usque
934 529 955 554 a
986 515 1149 554 Corace
1185 511 1327 554 neseio
1357 528 1464 570 quo,
1495 519 1537 553 et
1566 508 1699 562 Tisia,

355 612 462 654 quos
482 596 584 638 artis
612 593 722 637 illius
746 595 989 635 invcntores
1008 601 1050 633 et
1073 592 1289 651 principes
1309 591 1436 634 fuisse
1456 598 1670 633 constaret
1691 605 1698 630 :

355 674 724 734 eloquentissimos
741 682 885 715 autcni
904 672 1101 714 homines
1114 705 1125 725 ,
1144 671 1217 728 qui
1241 671 1319 713 ista
1337 686 1415 712 nec
1436 668 1701 722 didicissent,

358 772 434 797 nec
476 754 653 796 omnino
689 752 797 794 scire
841 759 1086 804 curassent,
1124 747 1459 792 innumerabiles
1494 747 1700 807 quosdam

361 833 609 876 nominabat
641 849 649 874 ε
687 832 728 873 in
772 831 928 889 quibus
964 830 1093 872 etiam
1120 828 1233 880 (sive
1270 827 1340 870 illc
1382 827 1583 881 irridens,
1617 827 1703 868 sive

364 913 478 972 quod
513 913 570 955 ita
605 920 793 971 putaret,
824 920 953 969 atquc
986 910 1042 952 ita
1077 907 1308 967 audisset),
1344 924 1411 949 me
1443 907 1486 948 in
1520 905 1593 949 illo
1625 922 1704 948 nu-

360 1009 497 1047 mero,
521 992 593 1051 qui
630 990 699 1033 illa
730 1006 816 1032 non
847 988 1108 1041 didicissem,
1135 997 1176 1030 ct
1211 997 1352 1030 tamen
1381 987 1445 1045 (ut
1477 987 1566 1045 ipse
1594 985 1707 1027 dice-

358 1071 449 1130 bat)
482 1087 648 1130 possein
686 1069 848 1129 aliquid
886 1069 927 1111 in
967 1067 1174 1123 dicendo,
1210 1066 1467 1126 proferebat.
1507 1066 1705 1121 Quorum

359 1167 436 1209 ego
465 1149 524 1192 illi
552 1149 733 1192 alterum
768 1147 890 1191 facile
923 1146 1208 1200 assentiebar,
1241 1144 1349 1187 nihil
1382 1161 1450 1187 me
1483 1143 1707 1206 didicisse3

360 1231 402 1271 in
426 1228 561 1272 altero
585 1238 729 1272 autem
752 1245 819 1271 me
844 1226 967 1270 illudi
994 1227 1046 1270 ab
1070 1242 1141 1282 co,
1161 1235 1234 1268 aut
1257 1224 1386 1267 ctiam
1408 1225 1548 1284 ipsum
1567 1239 1709 1266 errare

360 1308 615 1351 arbitrabar.

426 1389 571 1431 Artem
603 1403 706 1430 vcro
741 1386 925 1447 negabat
960 1402 1051 1429 esse
1089 1383 1243 1442 ullam,
1273 1385 1353 1428 nisi
1383 1399 1476 1444 quae
1507 1381 1710 1444 cognitis,

364 1468 620 1526 penitusque
645 1468 898 1527 perspectis,
921 1476 963 1509 et
985 1468 1025 1508 in
1047 1482 1180 1508 unum
1210 1467 1370 1508 exitum
1396 1464 1711 1524 spectantibus,

365 1556 406 1589 et
433 1562 654 1606 nunquam
682 1545 928 1589 fallentibus
953 1546 1081 1588 rebus
1110 1546 1418 1588 contineretur.
1445 1546 1545 1586 Haec
1569 1551 1710 1585 autem

364 1627 528 1682 omnia,
560 1643 652 1685 quae
689 1635 980 1668 tractarentur
1012 1626 1064 1668 ab
1101 1625 1366 1680 oratoribus,
1392 1623 1521 1666 dubia
1552 1639 1641 1666 esse
1671 1631 1711 1664 et

366 1707 527 1747 incerta
552 1721 559 1747 :
591 1721 725 1763 quum
755 1714 798 1747 ct
825 1704 1072 1747 dicerentur
1097 1704 1149 1746 ab
1177 1704 1245 1758 iis,
1270 1703 1344 1762 qui
1374 1718 1422 1744 ea
1453 1702 1598 1744 omnia
1626 1717 1712 1743 non

370 1783 496 1843 plane
517 1793 731 1837 tenerent,
751 1793 792 1826 et
811 1783 1065 1827 audirentur
1084 1783 1136 1826 ab
1160 1783 1228 1837 iis,
1251 1782 1406 1841 quibus
1427 1798 1514 1824 non
1537 1781 1712 1824 scientia

366 1872 475 1905 esset
499 1862 724 1918 tradenda,
750 1862 824 1906 sed
848 1863 990 1922 exigui
1016 1863 1221 1922 temporis
1250 1871 1324 1904 aut
1352 1860 1476 1917 falsa,
1501 1870 1576 1904 aut
1600 1868 1714 1903 certe

367 1942 548 1985 obscura
570 1942 732 2001 opinio.

430 2020 551 2077 Quid
573 2019 733 2064 multa?
754 2021 814 2064 sic
839 2022 944 2064 mihi
969 2031 1061 2064 tum
1086 2020 1344 2081 persuadere
1370 2021 1616 2074 videbatur,
1641 2035 1714 2062 ne-

368 2119 451 2162 que
489 2101 719 2146 artificium
754 2101 893 2144 ullum
924 2117 1012 2144 esse
1042 2101 1232 2157 dicendi,
1273 2117 1412 2160 neque
1454 2116 1714 2159 quemquam

370 2198 512 2241 posse,
532 2182 615 2225 nisi
639 2181 710 2239 qui
731 2179 823 2235 illa,
844 2197 937 2240 quae
960 2196 983 2223 a
1004 2181 1263 2224 doctissimis
1284 2180 1533 2224 hominibus
1557 2180 1599 2222 in
1622 2179 1717 2238 phi-

369 2261 564 2320 losophia
593 2260 860 2315 dicerentur,
887 2270 1132 2320 cognosset,
1163 2270 1237 2304 aut
1263 2259 1416 2304 callide
1442 2269 1517 2302 aut
1548 2259 1717 2318 copiose

370 2340 526 2383 dicere.
556 2341 605 2382 In
631 2339 790 2399 quibus
819 2338 958 2381 dicere
988 2339 1253 2383 Charmadas
1284 2339 1469 2395 solebat,
1499 2337 1716 2398 ingenium

370 2430 512 2475 tuum,
531 2420 702 2475 Crasse,
728 2418 1004 2462 vehementer
1023 2418 1260 2474 admirans,
1282 2435 1348 2461 me
1373 2419 1450 2461 sibi
1475 2415 1717 2478 perfacilem

372 2501 413 2542 in
437 2498 670 2555 audiendo,
694 2508 734 2541 te
758 2514 1077 2558 perpugnacem
1104 2499 1147 2540 in
1171 2498 1430 2558 disputando
1453 2513 1542 2540 esse
1564 2496 1715 2539 visum.

435 2581 553 2622 XXI.
588 2581 786 2639 Tumque
824 2595 929 2638 egO,
965 2578 1047 2620 hac
1077 2578 1225 2620 eadem
1256 2577 1458 2636 opinione
1490 2575 1698 2618 adductus
1718 2612 1728 2629 ,

373 2659 521 2717 scripsi
557 2660 685 2702 etiam
723 2658 825 2701 illud
859 2657 1046 2715 quodam
1088 2658 1128 2698 in
1161 2656 1327 2709 libello,
1355 2657 1427 2714 qui
1461 2671 1527 2697 me
1552 2656 1718 2713 impru-
