1843 3166
694 194 835 226 LIBER
864 193 927 225 ΙΙΙ.
1418 190 1492 238 239

152 275 286 319 randa
305 284 389 330 est,
412 291 496 335 qua
516 274 567 317 de
592 284 711 334 parte
742 274 849 317 dixit
882 272 1094 316 Antonius
1121 290 1129 316 ;
1155 273 1243 315 liaec
1268 273 1487 316 formanda

150 354 220 398 silo
244 355 334 415 ipso
353 365 395 398 et
415 369 569 415 genere
584 354 813 408 orationis,
841 351 1122 395 illuminanda
1142 352 1301 407 verbis,
1322 354 1486 397 varian-

149 434 203 477 da
225 435 459 478 sententiis.

213 516 388 557 Summa
421 522 562 557 autem
591 512 683 556 laus
717 511 970 572 eloquentiae
1002 521 1084 568 est,
1113 511 1374 571 amplificare
1399 527 1487 554 rem

149 593 369 649 ornand03
399 591 516 652 quod
546 590 659 635 valet
682 607 769 634 non
795 590 933 635 solum
961 590 1014 635 ad
1049 590 1292 652 augendum
1329 589 1490 650 aliquid

149 682 189 716 et
215 672 450 716 tollendum
474 671 600 716 altius
623 671 832 727 dicendo,
858 672 931 715 sed
954 673 1081 716 etiam
1099 671 1152 715 ad
1175 670 1492 714 extenuandum

149 761 275 812 atque
296 752 594 812 abjiciendum.

210 833 393 876 XXVII.
418 831 467 875 Id
493 831 759 876 desideratur
786 833 985 876 omnibus
1012 832 1061 875 iis
1089 832 1130 874 in
1159 830 1282 886 locis,
1313 847 1420 890 quos
1440 830 1492 874 ad

149 910 277 954 fidem
305 912 510 954 orationis
539 911 777 955 faciendam
801 911 994 955 adhiberi
1019 911 1128 954 dixit
1160 911 1394 965 Antonius,
1426 910 1491 953 vel

149 1007 282 1050 quum
308 990 586 1051 explanamus
610 990 794 1050 aliquid,
832 989 896 1034 vel
927 1007 1059 1050 quum
1094 989 1371 1033 conciliamus
1398 991 1490 1032 ani-

150 1086 261 1125 mos,
290 1069 356 1114 vel
379 1086 511 1129 quum
535 1072 812 1114 concitamus.

212 1148 294 1192 Sed
314 1150 358 1192 in
374 1149 478 1205 hoc,
496 1149 614 1209 quod
639 1159 901 1210 postremum
925 1149 1036 1205 dixi,
1058 1147 1334 1209 amplificatio
1354 1159 1496 1209 potest

150 1227 405 1289 plurimum,
430 1245 563 1288 eaque
585 1245 670 1272 una
691 1228 782 1272 laus
807 1230 988 1272 oratoris
1010 1239 1072 1272 est
1097 1229 1272 1288 propria
1298 1230 1495 1272 maxime.

149 1309 289 1351 Etiam
308 1308 444 1367 major
468 1318 530 1351 est
550 1307 621 1351 illa
643 1308 905 1363 exercitatio,
929 1323 1058 1366 quam
1083 1316 1274 1350 extremo
1299 1323 1494 1350 sermone

150 1389 350 1431 instruxit
375 1388 772 1449 Antonius(primo
793 1386 1057 1447 rejiciebat),
1083 1385 1288 1429 laudandi
1312 1395 1353 1428 et
1379 1387 1496 1430 vitu-

148 1467 339 1528 perandi.
355 1467 475 1513 Nihil
499 1477 562 1511 est
587 1468 701 1510 enim
720 1467 772 1511 ad
796 1464 1133 1527 exaggerandam
1161 1475 1204 1509 et
1226 1464 1495 1526 amplifican-

147 1547 245 1590 dam
269 1547 506 1591 orationem
522 1547 905 1603 accommodatius,
928 1561 1057 1605 quam
1081 1555 1313 1605 utrumque
1338 1546 1493 1589 horum

147 1626 483 1671 cumulatissime
509 1628 645 1670 facere
671 1642 808 1686 posse.

211 1708 540 1765 Consequentur
566 1705 694 1747 etiam
729 1704 788 1748 illi
817 1704 1009 1765 loci‚qui
1045 1720 1294 1764 quanquam
1333 1706 1498 1765 proprii

150 1801 396 1841 causarum,
432 1795 474 1828 et
501 1785 754 1829 inhaerentes
790 1786 832 1828 in
858 1801 1005 1828 earum
1035 1785 1174 1827 nervis
1202 1800 1292 1827 esse
1321 1784 1497 1839 dehent,

151 1875 291 1909 tamen
315 1866 415 1925 quia
439 1865 492 1909 de
514 1866 712 1909 universa
739 1882 784 1909 re
810 1867 982 1908 tractari
1007 1864 1164 1921 solent,
1201 1881 1452 1909 communes
1475 1882 1498 1909 a

149 1945 366 1988 veteribus
399 1946 608 1989 nominati
636 1956 760 1989 sunt:
789 1962 975 2005 quorum
1000 1946 1157 2005 partim
1185 1946 1344 1989 habent
1368 1947 1496 1989 vitio-

149 2041 246 2067 rum
270 2034 311 2068 et
333 2035 606 2085 peccatorum
623 2042 764 2069 acrem
790 2025 1020 2086 quamdam
1045 2043 1143 2069 cum
1166 2025 1499 2086 amplificatione

153 2105 486 2162 incusationem,
509 2115 585 2149 aut
604 2104 843 2165 querelam,
867 2115 1017 2149 contra
1039 2121 1166 2166 quam
1192 2105 1275 2148 dici
1302 2105 1406 2148 nihil
1430 2123 1498 2149 so-

151 2183 228 2240 let,
256 2200 333 2228 nec
358 2194 513 2244 potest,
543 2195 591 2229 ut
616 2187 657 2229 in
683 2185 1049 2246 depeculatorem,
1075 2187 1118 2229 in
1143 2186 1430 2246 proditorem,
1455 2187 1497 2230 in

150 2264 426 2324 parricidam3
448 2266 604 2325 quibus
618 2268 699 2322 uti,
725 2266 986 2310 confirmatis
1001 2267 1254 2311 criminibus
1268 2300 1278 2320 ‚
1299 2276 1494 2326 oportet3

151 2345 275 2389 aliter
300 2347 414 2389 enim
435 2347 571 2406 jejuni
592 2357 714 2401 sunt,
735 2357 862 2407 atque
882 2348 1043 2391 inanes.

214 2424 299 2469 Alii
323 2436 465 2469 autem
492 2426 653 2469 habent
681 2427 1050 2488 deprecationem,
1070 2436 1144 2471 aut
1163 2427 1499 2481 miserationem3

153 2504 225 2547 alii
248 2521 351 2548 vero
373 2506 580 2565 ancipites
604 2505 938 2566 disputationes,
973 2507 1016 2549 in
1040 2506 1194 2565 quibus
1219 2505 1270 2548 de
1298 2506 1497 2548 universo

150 2601 304 2645 genere
337 2586 382 2628 in
411 2595 638 2646 utramque
668 2596 831 2647 partem
864 2586 1011 2629 disseri
1040 2587 1211 2646 copiose
1245 2584 1356 2628 licet.
1394 2585 1501 2641 Quae
