1843 3166
548 230 868 266 ADNOTATION
874 230 937 264 Es.
1353 230 1370 264 3
1379 240 1390 262 1
1400 240 1418 271 7

76 307 173 341 venit
197 307 290 354 ipse,
317 307 493 353 quoniam
524 319 600 341 non
626 313 747 354 potest
778 313 813 341 et
843 305 1036 341 ostendere
1062 305 1254 351 quomodo
1279 305 1423 352 longius

75 368 267 414 pervenire
285 367 411 414 possit.

127 429 213 463 CAP.
235 430 340 463 XXI.
372 427 596 476 Sulpicium,
613 428 783 472 primum.
808 427 904 471 Quia
925 425 1043 461 oratio
1067 438 1144 460 non
1164 426 1256 460 bene
1282 438 1325 460 eo
1350 426 1424 460 hae-

75 500 155 523 rere
175 489 331 534 videtur,
350 488 550 524 Lambinus
569 494 604 522 et
623 488 790 523 Pearcius
809 486 996 533 interponi
1019 487 1151 520 volunt
1176 499 1282 532 quum
1304 500 1311 520 :
1341 487 1424 519 Sul—-

69 550 229 595 picium,
251 562 358 597 quum
384 549 594 596 primurm...
615 549 747 583 audivi.
774 549 811 583 Si
831 548 922 595 quid
943 548 1014 582 tale
1043 546 1277 586 tentandum,
1304 546 1423 579 malim

76 618 122 645 ut.
144 610 217 645 Sed
244 610 304 644 illa
336 622 344 643 ε
368 611 570 657 primum...
599 610 742 651 audivi,
772 609 809 644 in
836 607 1046 655 parenthesi
1073 606 1173 641 dieta
1199 605 1356 652 accipio,
1378 606 1425 640 ita

74 671 172 705 nulla
198 669 426 705 correctione
446 682 540 716 opus
559 677 622 705 est.
650 671 745 705 ERN.
766 670 907 704 —Sch.
929 668 1148 704 Lambinum
1171 667 1344 715 sequitur.
1371 668 1427 701 De

75 731 238 777 Sulpicio
255 730 341 765 vide
366 732 474 778 plura
496 731 534 765 in
554 733 678 766 Bruto.

127 792 214 825 Cn.
236 792 361 826 XXII.
381 792 424 826 Ue
444 793 522 834 ille,
544 792 607 839 qui
629 804 721 826 nunc
740 792 887 825 etiam...
910 792 1045 825 Furius.
1065 792 1109 835 Q.
1130 789 1261 824 Furius
1274 788 1426 822 virtutes

77 853 116 887 C.
140 852 310 886 Fimbriae
329 864 407 887 non
420 860 472 887 est
494 853 673 897 imitatus,
688 860 729 887 ut
748 852 1013 887 vehementiam
1034 851 1210 886 orationis
1232 850 1314 884 (fuit
1333 849 1428 883 enim

75 912 237 947 Fimbria
257 920 383 947 orator
401 914 514 959 paulo
535 913 714 948 fervidior
733 921 844 960 atque
864 913 1084 948 commotior
1105 926 1112 947 :
1133 912 1217 946 vide
1230 912 1268 945 in
1286 908 1427 957 Bruto).

76 973 148 1008 Sed
168 973 243 1007 duo
272 973 360 1007 vitia
387 973 589 1008 consectari
613 974 764 1018 maluit,
786 974 858 1008 oris
885 974 1122 1020 pravitatem,
1148 979 1190 1007 ut
1217 970 1430 1007 deformiter

76 1034 114 1067 in
135 1034 293 1068 dicendo
316 1046 356 1068 os
376 1040 660 1080 contorqueret,
680 1040 715 1067 et
733 1035 931 1068 verborum
950 1034 1199 1076 latitudinem,
1217 1039 1259 1066 ut
1278 1038 1377 1066 vaste
1397 1037 1431 1064 et

76 1095 210 1129 rustice
230 1095 343 1129 verba
362 1094 631 1141 pronuntiaret.
651 1093 736 1128 vid.
763 1094 924 1128 Fimbria
950 1094 989 1128 in
1016 1095 1145 1135 Bruto,
1168 1105 1266 1127 va1.

127 1156 201 1191 Sed
217 1163 323 1189 erant
341 1156 476 1202 paullo
496 1154 657 1189 uberiore
665 1154 751 1200 filo.
771 1155 859 1189 Non
885 1154 979 1189 hene
999 1154 1233 1189 consentiunt
1257 1152 1295 1186 hi
1320 1149 1430 1197 tropi.

78 1215 153 1252 Sed
185 1228 262 1249 non
297 1227 440 1262 semper
463 1215 563 1261 tropi
589 1227 634 1249 ex
665 1215 796 1250 eodem
822 1227 955 1262 genere
982 1221 1188 1257 sumuntur,
1214 1220 1255 1247 ut
1284 1212 1431 1247 debent.

78 1278 275 1323 Sumptum
302 1283 355 1311 est
382 1276 537 1310 uberiori
553 1276 627 1321 filo
658 1288 678 1311 a
707 1276 857 1320 Graecis,
884 1276 949 1323 qui
977 1283 1094 1310 vestes
1113 1275 1298 1321 appellant
1323 1291 1434 1310 πυκνο-

82 1343 257 1387 σττῖμινας,
288 1347 386 1386 πωλῇ
417 1343 521 1386 κρόκῃ.
553 1338 644 1381 Quae
677 1335 875 1371 difficultas
907 1337 1111 1379 tolleretur,
1148 1335 1196 1379 si,
1230 1334 1324 1368 facta
1358 1344 1434 1366 non

77 1410 209 1445 magna
227 1398 431 1433 mutatione
445 1424 454 1441 ,
474 1400 572 1444 stylo
593 1406 806 1444 poneretur.
833 1397 921 1432 TAL.

131 1460 217 1494 Cn.
238 1460 381 1494 XXIII.
408 1458 552 1493 Similes
581 1464 686 1499 sunt,
714 1465 749 1491 et
768 1458 864 1490 inter
884 1467 966 1490 sese
995 1462 1031 1489 et
1052 1455 1228 1502 magistri.
1257 1456 1435 1489 Gruterus

80 1520 215 1555 obnixe
241 1520 349 1554 nimis
375 1517 566 1553 contendit
591 1530 663 1564 pro
684 1518 833 1564 vulgata
860 1517 1019 1552 lectione
1045 1529 1053 1550 ε
1074 1524 1109 1551 et
1133 1517 1227 1550 inter
1250 1527 1329 1549 sese
1353 1527 1435 1548 ma-

77 1580 194 1627 gistri.
225 1579 298 1615 Sed
318 1579 411 1626 quid
433 1578 520 1613 velit
544 1586 578 1612 et
601 1580 696 1611 inter
712 1589 791 1611 sese
809 1577 1008 1623 magistri?
1032 1576 1177 1610 Nescio.
1203 1575 1436 1609 Auctoritate

79 1640 193 1687 igitur
214 1640 316 1674 MSS.
339 1640 464 1681 Cant.‚
489 1637 598 1680 Bod.‚
618 1637 692 1671 Bal.
705 1663 715 1680 ,
734 1637 847 1680 Now,
866 1637 991 1683 W‘Vag„
1013 1647 1159 1670 necnon
1177 1642 1343 1670 veterum
1363 1634 1437 1668 edi-

82 1701 224 1736 tionum
244 1700 293 1735 sic
312 1701 436 1734 locum
455 1696 586 1733 refinxi
610 1710 617 1732 :
644 1699 829 1732 voluntate
847 1705 968 1731 autem
1001 1697 1139 1731 similes
1165 1704 1264 1738 sunt,
1291 1703 1328 1730 et
1346 1696 1440 1729 inter

81 1774 180 1804 sese,
203 1769 238 1796 et
249 1760 423 1808 magistri
429 1773 443 1802 ,·
462 1760 532 1793 hoc
557 1771 665 1794 sensu
685 1771 693 1792 :
718 1759 855 1793 Omnes
874 1757 926 1792 illi
953 1757 1125 1804 discipuli
1144 1756 1315 1792 Isocratis
1339 1756 1435 1790 idem

83 1822 267 1858 scribendi
289 1833 404 1869 genus
433 1820 548 1855 secuti
574 1826 675 1863 sunt,
697 1831 898 1865 omnesque
917 1818 1105 1862 Isocratis,
1125 1818 1289 1865 magistri
1307 1817 1379 1861 sui,
1399 1817 1437 1850 in

84 1882 280 1917 scribendo
299 1881 431 1916 similes
455 1887 550 1916 sunt.
574 1880 748 1927 Sequitur
777 1891 865 1927 ergo
893 1879 1016 1926 quod,
1040 1879 1111 1913 hoc
1139 1879 1325 1925 exemplo,
1346 1889 1438 1924 pro-

84 1943 172 1978 bare
191 1942 310 1976 voluit
330 1941 513 1976 Antonius
540 1953 602 1976 eos
622 1953 748 1975 omnes
769 1940 946 1987 aliquem,
969 1951 1102 1985 nempe
1122 1940 1342 1981 Isocratem,
1371 1937 1438 1971 sibi

85 2003 304 2038 imitandum
326 2002 573 2048 proposuisse.
593 2003 731 2035 PEAnc.

139 2064 225 2099 Cn.
242 2063 385 2098 XXIV.
406 2063 524 2097 Pacla
537 2088 547 2104 ,
563 2068 746 2096 conventa.
767 2060 988 2104 Lambinus,
1010 2067 1046 2094 et
1063 2060 1102 2094 in
1125 2060 1197 2094 hoc
1217 2060 1321 2102 loco,
1343 2065 1375 2092 et
1401 2057 1439 2091 in

87 2124 274 2160 nonnullis
304 2124 381 2158 aliis
415 2123 591 2158 similibus
616 2134 758 2157 comma
786 2121 942 2165 delevit,
968 2128 1004 2155 et
1028 2121 1078 2155 sic
1103 2120 1191 2168 legit
1205 2127 1322 2167 pacta
1349 2131 1438 2153 con-

89 2193 200 2219 venta.
229 2184 409 2219 Strebaeus
433 2183 541 2218 etiam
566 2183 655 2217 dicit
679 2182 908 2217 doctissimos
937 2181 1119 2227 quosdam
1142 2180 1242 2213 viros
1274 2179 1323 2213 sic
1353 2178 1438 2212 olim

88 2244 226 2292 legisse.
256 2244 334 2278 Nec
361 2243 464 2278 aliter
493 2243 674 2290 Ulpianus
698 2243 735 2276 in
768 2243 864 2277 libro
891 2241 984 2287 juris
1007 2240 1170 2289 gentium
1201 2252 1208 2273 :
1240 2239 1440 2273 «Solemus

91 2305 186 2340 enim
206 2304 324 2339 dicere
343 2310 449 2350 pacta
475 2311 656 2338 conventa
675 2303 789 2338 inesse
816 2303 924 2337 bonae
944 2301 1033 2337 fidei
1057 2300 1218 2347 judiciis.
1234 2316 1249 2331 υ
1270 2300 1350 2333 Imo
1374 2299 1439 2333 ho-

91 2365 150 2400 die
168 2365 263 2400 inter
280 2365 440 2399 Polonos
456 2371 573 2410 pacta
593 2371 767 2399 conventa
782 2390 792 2406 ‚
815 2376 893 2398 non
910 2363 1001 2397 nihil
1019 2369 1162 2397 mutato
1181 2368 1303 2395 tamen
1320 2372 1441 2402 sensu,

93 2426 221 2460 usitate
241 2425 423 2459 dicuntur.
442 2426 578 2460 Pane.

145 2488 189 2521 In
215 2499 284 2533 quo
304 2494 359 2520 est
375 2486 442 2520 illa
461 2486 606 2532 quit-lem
625 2499 764 2533 magna
783 2484 953 2531 offensio.
973 2484 1106 2519 Voluit*
1120 2484 1220 2517 hunc
1237 2483 1361 2516 locum
1380 2480 1440 2514 di-

93 2546 263 2593 ligentius
282 2546 536 2593 superioribus
564 2546 746 2592 explicare
770 2545 958 2588 Pearcius;
983 2545 1046 2580 sed
1070 2557 1149 2579 non
1178 2549 1231 2577 est
1261 2547 1442 2576 assecutus

96 2605 181 2640 satis
199 2618 325 2641 verum
345 2618 500 2640 sensum.
532 2606 776 2652 Neglzgentc‘oe
803 2605 936 2640 crimen
960 2611 1030 2649 est,
1049 2604 1079 2640 si
1103 2603 1184 2650 quis
1206 2613 1270 2636 sua
1291 2607 1442 2647 sponte,
