1843 3166
683 312 818 345 LIBER
853 312 875 344 1.
1409 310 1451 352 37

164 400 243 439 llu·
268 412 415 438 omnes
441 396 596 437 assensi
614 430 622 446 ‚
649 394 891 452 significare
920 394 1031 435 inter
1058 410 1170 445 sese,
1196 403 1232 434 ct
1265 392 1451 451 colloqui

102 486 333 535 ioeporuut.
362 477 456 517 Fuit
481 475 594 517 enim
620 474 824 516 mirificus
845 474 1021 533 quidam
1049 475 1089 515 in
1117 476 1273 516 Crasso
1295 473 1452 530 pudor,

100 558 170 614 qui
209 566 349 598 tamen
389 571 472 596 non
515 555 643 598 inodo
681 572 766 597 non
805 555 972 597 obesset
1011 555 1102 613 ejus
1136 553 1344 606 orationi,
1384 552 1453 594 scd

101 636 228 677 <iiam
256 635 482 693 probitatis
507 635 883 677 commendatione
913 634 1146 694 prodesset.

160 716 340 757 XXVII.
379 717 489 757 Tum
519 716 759 765 Antonius,
791 715 929 775 Saepe,
958 725 1001 757 ut
1028 715 1152 767 (licis,
1181 713 1338 772 inquit,
1362 714 1452 755 ani-

100 793 331 847 madverti,
365 796 540 847 Crasse,
574 803 614 835 et
646 802 716 847 te,
747 803 787 835 ct
821 803 986 836 ceteros
1018 809 1209 835 summos
1240 801 1452 845 oratores,

99 889 343 932 quanquam
371 874 444 916 tibi
472 890 568 933 par,
593 890 687 915 mea
712 874 943 928 sententia,
970 890 1096 915 nemo
1131 888 1319 931 unquam
1352 871 1451 924 suit,

105 969 141 995 ιιι
170 952 336 995 dicendi
366 952 543 996 exordio
574 954 826 1013 permoveri.
857 953 993 1012 Cujus
1019 952 1192 1011 quidem
1220 952 1281 994 rei
1314 968 1448 1010 quum

99 1048 267 1075 causam
300 1049 556 1092 quaererem,
588 1033 795 1092 quidnam
828 1042 958 1086 esset,
991 1048 1088 1086 cur,
1121 1042 1164 1074 ut
1200 1032 1240 1073 in
1278 1047 1451 1089 quoque

99 1121 266 1155 oratore
298 1110 532 1170 plurimum
565 1121 696 1167 esset,
729 1113 785 1154 ita
818 1112 1001 1155 maxime
1037 1113 1068 1153 is
1103 1112 1449 1169 pertimesceret,

98 1191 172 1233 lias
196 1207 346 1233 causas
373 1191 643 1233 inveniebam
669 1189 774 1233 duas
801 1208 807 1232 :
837 1206 988 1245 unam,
1015 1190 1130 1248 quod
1158 1187 1449 1248 intelligerent

100 1272 146 1321 ii,
167 1287 274 1329 quos
299 1287 400 1313 usus
426 1287 474 1313 ae
501 1280 652 1313 natura
679 1270 912 1325 docuisset,
934 1286 1244 1328 nonnunquam
1268 1269 1450 1311 suminis

97 1351 345 1393 oratoribus
372 1367 455 1393 non
485 1351 585 1393 satis
611 1366 660 1392 ex
686 1350 897 1392 sententia
922 1359 1122 1391 eventum
1154 1348 1322 1391 (licendi
1352 1364 1451 1405 pro-

99 1429 267 1483 cedere,
286 1431 343 1472 ita
361 1446 445 1472 non
466 1431 643 1488 injuria,
656 1430 999 1488 quotiescunque
1019 1429 1234 1482 dicerent,
1252 1428 1312 1483 id,
1331 1429 1448 1487 quod

97 1510 328 1569 aliquando
363 1520 503 1569 posset
538 1509 754 1561 accidere,
792 1525 843 1551 ne
882 1519 971 1551 tum
1013 1508 1246 1562 accideret,
1286 1509 1452 1551 timere.

160 1589 305 1633 Altera
330 1599 393 1632 est
419 1590 532 1644 haec,
558 1589 610 1631 de
635 1606 718 1648 qua
743 1590 865 1647 queri
892 1604 1001 1647 saepe
1030 1586 1146 1631 soleo
1170 1605 1178 1629 ς
1206 1597 1448 1631 ceterarum

96 1671 291 1712 homines
325 1670 481 1712 artium
521 1670 701 1728 spectati
727 1678 766 1711 et
796 1669 989 1727 probati,
1017 1669 1048 1711 si
1078 1667 1254 1727 quando
1287 1666 1451 1726 aliquid

96 1751 238 1793 minus
282 1750 390 1792 bene
423 1749 637 1801 fecerunt,
672 1765 800 1807 quam
839 1747 974 1791 solent
1012 1758 1085 1791 aut
1126 1748 1339 1802 noluisse,
1377 1756 1449 1790 aut

96 1829 341 1872 valetudiue
361 1827 554 1887 impediti
581 1845 666 1870 non
694 1829 882 1887 potuisse
908 1829 1133 1886 consequi,
1162 1827 1202 1869 id
1228 1827 1344 1886 quod
1370 1828 1451 1870 sci·

96 1919 210 1963 rent,
234 1917 440 1967 putantur
466 1925 473 1950 :
502 1906 678 1961 Noluit,
701 1909 922 1966 inquiunt,
949 1907 1076 1950 hodic
1101 1924 1226 1967 agere
1244 1909 1452 1959 Roscius;

96 1999 192 2044 aut,
219 1987 409 2031 Crudior
433 1988 524 2030 fuit.

158 2069 355 2111 Oratoris
386 2078 633 2127 peccatum,
660 2071 692 2110 si
718 2068 835 2126 quod
860 2077 921 2109 cst
949 2066 1318 2121 animadversum,
1349 2065 1455 2108 stul-

97 2149 196 2190 titiae
231 2158 457 2207 peccatum
494 2148 677 2191 videtur.
717 2146 909 2191 Stultitia
947 2157 1091 2190 autem
1130 2148 1450 2190 excusationem

95 2244 181 2270 non
208 2227 338 2270 habet
362 2245 368 2270 :
396 2228 495 2287 quia
522 2244 648 2270 nenio
677 2227 867 2277 videtur,
894 2237 968 2269 aut
993 2228 1093 2286 quia
1117 2226 1276 2269 crudus
1305 2226 1456 2273 fuerit,

95 2317 168 2350 aut
192 2307 307 2366 quod
332 2309 389 2350 ita
412 2306 633 2361 maluerit,
654 2307 811 2350 stultus
831 2307 972 2349 fuisse.
996 2309 1099 2363 Quo
1124 2308 1253 2349 ctiam
1280 2307 1457 2366 gravius

92 2386 303 2444 judicium
338 2388 380 2428 in
417 2386 601 2430 dicendo
637 2387 845 2430 subimus.
877 2387 1061 2443 Quoties
1097 2388 1210 2429 enim
1249 2386 1456 2439 dicimus,

95 2468 223 2509 toties
246 2466 298 2509 de
324 2468 447 2509 nobis
467 2467 714 2525 judicatur:
739 2477 800 2521 et,
825 2468 900 2525 qui
930 2467 1057 2510 semel
1085 2471 1126 2510 in
1152 2479 1275 2528 gestu
1303 2484 1454 2526 pecca-

96 2547 180 2598 ut,
220 2543 305 2588 non
342 2547 550 2589 continuo
586 2547 858 2589 existimatur
892 2548 1057 2589 nescii-e
1100 2558 1295 2607 gestum5
1332 2547 1453 2604 cujus

97 2633 237 2666 autcm
264 2626 307 2667 in
338 2625 523 2668 dicendo
551 2625 715 2685 aliquid
745 2626 1055 2685 reprehensum
1086 2638 1166 2682 est,
1197 2638 1270 2669 aut
1297 2636 1454 2669 aeterna

98 2703 137 2743 in
162 2718 231 2757 co,
258 2713 331 2746 aut
357 2715 471 2747 certe
497 2703 702 2749 diuturna
732 2704 838 2749 valet
866 2707 1013 2764 opinio
1038 2706 1250 2749 tarditatis
