1843 3166
319 157 389 192 208
833 159 895 192 DE
926 157 1157 192 ORATORF,

320 252 501 286 tremum
527 243 613 286 sere
638 242 839 286 collocuti
868 253 988 296 sunt,
1015 251 1214 285 eventum
1244 239 1504 282 recordatus.
1527 240 1665 281 Tene-

318 338 412 366 mus
449 323 561 366 euim
603 323 828 374 memoria,
862 324 915 378 Q.
950 321 1173 370 Catulum,
1211 321 1349 362 virum
1389 319 1505 360 omni
1539 316 1664 360 laude

317 413 611 462 praestantem,
646 418 776 462 quum
803 402 883 444 sibi
918 418 1003 443 nou
1031 399 1290 443 incolumem
1326 398 1565 452 fortunam,
1592 397 1663 439 sed

317 482 511 526 exsilium
536 492 577 526 et
608 482 752 542 fugam
785 481 1101 540 deprecaretur,
1136 496 1224 522 esse
1249 487 1467 532 coactum,
1498 486 1544 519 ut
1577 477 1662 519 vita

317 563 466 621 seipse
494 563 692 621 privaret.

377 645 471 684 Jam
485 643 545 684 M.
563 642 740 685 Antonii
765 642 807 683 in
831 641 896 683 his
912 640 1012 700 ipsis
1033 640 1203 695 rostris,
1224 640 1266 680 in
1287 638 1443 697 quibus
1463 636 1534 680 ille
1557 652 1664 679 rem-

316 721 529 781 publicam
553 721 893 763 constantissime
913 717 1063 762 consul
1086 717 1353 771 defenderat,
1374 733 1552 776 qumque
1567 732 1662 759 cen-

315 816 385 843 sor
417 799 701 858 imperatoriis
728 798 942 841 manubiis
972 806 1166 851 ornarat,
1191 796 1377 855 positum
1402 805 1531 854 caput
1554 794 1659 837 illud

316 880 415 934 fuit,
442 895 465 921 a
489 895 574 937 quo
599 887 720 921 erant
744 875 981 920 multorum
1013 877 1172 920 civium
1203 876 1343 936 capita
1364 884 1540 918 servata.
1574 876 1661 918 Ne-

314 975 397 1019 que
417 975 517 1003 vcro
542 957 669 1019 longe
686 958 737 1000 ab
750 973 800 1000 eo
823 960 870 1001 C.
885 956 990 1000 Julii
1011 966 1160 1016 caput,
1181 956 1363 1015 hospitis
1387 956 1555 999 Etrusci
1575 971 1660 998 sce-

314 1039 400 1083 lere
425 1039 664 1099 proditum,
686 1053 783 1080 cum
802 1040 849 1083 L,
868 1035 971 1084 Julii
995 1036 1138 1079 fratris
1160 1037 1299 1096 eapite
1319 1036 1476 1095 jacuit:
1503 1045 1549 1078 ut
1572 1034 1661 1089 ille,

313 1121 386 1180 qui
413 1120 501 1162 haec
523 1136 610 1162 non
639 1119 768 1175 vidit,
798 1128 840 1162 et
865 1119 1021 1162 vixisse
1050 1131 1148 1158 cum
1178 1114 1396 1175 republica
1418 1115 1598 1174 pariter,
1620 1124 1663 1158 et

315 1217 412 1243 cum
447 1199 518 1243 illa
555 1199 682 1243 simul
721 1201 954 1243 exstinctus
990 1215 1079 1243 esse
1114 1195 1325 1239 videatur.
1361 1196 1511 1254 Neque
1548 1195 1661 1237 enim

315 1282 604 1340 propinquum
631 1297 778 1336 suum,
808 1279 981 1323 maximi
1006 1280 1138 1322 animi
1169 1276 1331 1331 virum,
1365 1275 1410 1316 P.
1439 1275 1660 1327 Crassum,

315 1369 464 1419 suapte
498 1360 767 1403 interfectum
791 1375 941 1415 manu,
969 1374 1108 1418 neque
1138 1357 1310 1418 collegae
1333 1358 1416 1412 sui,
1449 1356 1658 1417 pontificis

315 1440 514 1495 maximi,
537 1440 742 1499 sanguine
771 1438 1046 1482 simulacrum
1061 1440 1200 1482 Vestae
1223 1454 1464 1497 respersum
1491 1453 1579 1480 esse
1599 1438 1661 1479 vi-

317 1519 402 1575 dit,
431 1521 501 1562 cui
530 1519 702 1561 moerori
731 1518 833 1578 (qua
865 1528 1008 1561 mente
1037 1516 1106 1560 ille
1130 1519 1173 1560 in
1200 1518 1382 1576 patriam
1404 1516 1511 1576 fuit)
1534 1517 1659 1558 etiam

316 1601 363 1643 C.
391 1599 621 1654 Carbonis,
646 1598 930 1641 inimicissimi
950 1598 1155 1653 hominis,
1183 1596 1334 1640 eodem
1360 1594 1433 1639 illo
1458 1595 1525 1639 die
1549 1612 1662 1639 mors

316 1677 477 1721 nefaria
502 1677 660 1720 fuisset.

378 1759 477 1801 Non
493 1757 599 1800 vidit
614 1772 761 1800 eorum
779 1758 988 1817 ipsorum,
1010 1757 1083 1816 qui
1100 1766 1191 1799 tum
1205 1755 1495 1800 adolescentes
1509 1759 1663 1800 Crasso

315 1854 358 1880 se
385 1837 602 1892 dicarant,
629 1836 856 1879 horribiles
883 1837 1146 1895 miserosque
1176 1852 1311 1879 casus.
1336 1837 1398 1879 Ex
1425 1836 1581 1895 quibus
1613 1838 1660 1880 C.

316 1918 465 1972 Cotta,
508 1932 636 1976 quem
674 1915 745 1959 ille
777 1916 1000 1959 florentem
1039 1914 1291 1975 reliquerat,
1330 1916 1477 1976 paucis
1516 1916 1663 1960 diebus

315 2007 412 2056 post
437 2006 620 2040 mortem
652 1995 796 2039 Crassi
823 1993 1028 2054 depulsus
1064 2011 1140 2054 per
1174 1994 1377 2038 invidiam
1412 1997 1660 2051 tribunatu,

317 2093 404 2119 non
429 2075 575 2118 multis
603 2075 655 2117 ab
681 2091 731 2117 eo
759 2084 952 2133 tempore
977 2075 1195 2117 mensibus
1224 2074 1385 2133 ejectus
1413 2085 1476 2118 est
1507 2092 1530 2119 e
1563 2077 1663 2119 civi-

316 2165 415 2198 tate.
453 2154 668 2214 Sulpicius
703 2164 869 2208 autern,
911 2155 984 2213 qui
1021 2156 1065 2197 in
1101 2154 1249 2198 eadem
1286 2155 1456 2198 invidiae
1493 2156 1662 2199 flamma

317 2234 464 2277 fuisset
480 2267 491 2289 ,
522 2233 778 2292 quibuscum
798 2233 989 2292 privatus
1010 2235 1359 2294 conjunctissime
1376 2236 1558 2289 vixerat,
1584 2235 1662 2279 hos

318 2314 361 2356 in
386 2313 609 2355 tribunatu
639 2311 823 2372 spoliare
847 2312 1031 2355 instituit
1055 2313 1173 2355 omni
1197 2312 1432 2373 dignitate;
1468 2315 1538 2357 cui
1568 2317 1663 2376 qui-

316 2392 412 2434 dem
439 2391 493 2434 ad
523 2407 732 2434 summam
756 2390 937 2452 gloriam
960 2390 1216 2451 eloquentiae
1243 2392 1484 2439 florescenti
1501 2429 1512 2451 ,
1548 2396 1660 2439 ferro

317 2480 461 2530 erepta
490 2471 578 2513 vita
612 2480 699 2524 est,
737 2481 777 2513 et
813 2487 938 2531 poena
970 2473 1221 2516 temeritatis
1255 2489 1344 2516 non
1380 2475 1470 2517 sine
1504 2491 1660 2536 magno

315 2547 562 2609 reipublicae
589 2547 702 2592 malo
730 2550 975 2593 constituta.
