1843 3166
666 194 810 228 LIBER
841 194 907 228 111.
1390 207 1459 240 207

113 275 224 317 centi
254 274 543 332 condoluisse,
569 275 855 336 sudoremque
878 275 1063 319 multum
1081 287 1356 321 consecutum
1375 294 1462 322 esse

112 353 391 398 audiebamus
415 372 424 398 z
456 371 507 398 ex
532 371 619 414 quo
643 372 777 414 quum
801 355 1110 409 colion-uisset,
1135 372 1232 398 cum
1258 357 1360 400 febri
1387 358 1462 400 do-

114 451 232 477 mum
248 433 399 491 rediit,
420 434 572 494 dieque
593 435 774 495 septimo
795 434 936 478 lateris
955 434 1102 479 dolore
1123 446 1370 479 consumtus
1387 447 1462 480 est.

178 516 218 558 O
239 513 431 558 fallacem
453 514 679 557 hominum
705 530 844 574 spem,
872 514 1151 574 fragilemque
1169 514 1404 569 fortunam,
1424 525 1465 558 ct

115 596 265 638 inanes
290 604 460 637 nostras
484 592 804 638 contentiones!
837 611 930 654 quae
955 594 997 637 in
1027 593 1166 637 medio
1199 595 1336 654 spatio
1358 610 1465 654 saepe

115 673 378 734 franguntur
399 682 440 716 et
462 682 696 729 corruunt,
719 683 761 717 et
777 683 895 725 ante,
920 674 961 716 in
987 674 1078 733 ipso
1101 690 1250 730 cursu,
1274 674 1466 717 obruun-

121 763 206 808 tur,
231 769 361 814 quam
376 748 550 813 portum
566 754 813 814 conspicere
839 763 1086 813 potuerunt.
1107 755 1235 809 Nam,
1263 753 1466 812 quamdiu

116 833 262 877 Crassi
291 832 370 876 fuit
393 833 640 877 ambitionis
669 832 814 877 labore
842 835 927 877 vita
957 833 1170 888 districta,
1197 833 1356 876 tamdiu
1383 834 1468 894 pri-

116 913 224 956 vatis
246 914 382 974 magis
404 912 557 957 officiis
578 923 618 957 et
643 914 803 974 ingenii
828 913 955 957 laude
976 913 1145 968 floruit,
1176 929 1305 972 quam
1327 913 1465 956 fructu

117 991 437 1052 amplitudinis,
476 1002 550 1036 aut
586 992 832 1053 reipublicae
869 993 1090 1054 dignitate.
1124 993 1213 1049 Qui
1253 1002 1396 1036 autem
1431 995 1468 1036 ei

118 1089 255 1116 annus
294 1074 458 1133 primus
492 1073 546 1116 ab
579 1073 796 1117 honorum
828 1073 1123 1133 perfunctione
1155 1072 1339 1128 aditum,
1380 1089 1470 1115 om-

120 1153 240 1195 nium
262 1169 487 1209 concessu,
515 1152 566 1196 ad
589 1169 801 1197 summam
825 1154 1123 1197 auctoritatem
1150 1153 1299 1205 dabat,
1321 1153 1356 1196 is
1380 1153 1470 1213 ejus

120 1247 291 1275 omnem
314 1249 433 1292 spem
461 1242 588 1293 atque
611 1234 758 1277 omnia
782 1234 877 1276 vitae
896 1233 1072 1277 consilia
1096 1242 1232 1276 morte
1252 1234 1468 1293 pervertit.

181 1313 282 1356 Fuit
298 1313 380 1356 hoc
400 1311 646 1356 luctuosum
667 1313 775 1367 suis,
790 1313 991 1356 acerbum
1007 1313 1154 1373 patriae
1167 1346 1178 1368 ,
1202 1329 1328 1372 grave
1351 1312 1473 1355 bonis

122 1392 343 1447 omnibus,
367 1392 442 1435 sed
472 1393 501 1435 ii
530 1402 672 1436 tamen
703 1391 1013 1452 rempublicam
1045 1407 1166 1435 casus
1197 1392 1330 1434 secuti
1355 1401 1474 1446 sunt,

123 1482 173 1516 ut
198 1473 305 1515 mihi
331 1489 420 1516 non
448 1482 597 1533 erepta
626 1475 676 1516 L.
698 1474 856 1517 Crasso
877 1488 901 1515 a
925 1472 1006 1515 diis
1034 1471 1347 1515 immortalibus
1373 1472 1475 1525 vita,

124 1552 198 1596 sed
232 1552 392 1596 donata
425 1569 541 1596 mors
577 1569 665 1596 esse
705 1552 914 1596 videatur.
948 1553 1049 1596 Non
1085 1551 1189 1594 vidit
1225 1551 1476 1611 flagrantem

125 1632 238 1676 bello
257 1632 447 1688 Italiam,
468 1650 555 1677 non
573 1632 795 1676 ardentem
818 1632 978 1675 invidia
1001 1641 1218 1687 senatum,
1244 1648 1330 1674 non
1353 1630 1479 1674 scele-

126 1714 183 1756 ris
212 1712 363 1756 nefarii
388 1714 601 1773 principes
626 1712 812 1755 civitatis
832 1727 946 1767 reos,
968 1728 1056 1754 non
1074 1710 1237 1754 luctum
1258 1710 1373 1766 filiae,
1392 1727 1478 1753 non

127 1792 319 1836 exsilium
348 1794 518 1853 generi,
545 1809 632 1836 non
659 1793 973 1836 acerbissimam
989 1794 1038 1836 C.
1053 1792 1183 1835 Marii
1206 1791 1373 1851 fugam,
1392 1807 1480 1834 non

131 1871 249 1915 illam
277 1882 375 1933 post
399 1872 586 1916 reditum
606 1873 697 1933 ejus
724 1871 882 1916 caedem
904 1872 1098 1916 omnium
1124 1870 1480 1927 crudelissimam,

132 1969 221 1996 non
237 1952 421 2012 denique
438 1954 482 1996 in
504 1953 623 1996 omni
642 1945 801 2013 genere
823 1952 1105 1995 deformatam
1130 1967 1224 1994 eam
1244 1951 1481 2004 civitatem,

132 2034 174 2076 in
208 2050 294 2093 qua
330 2035 420 2095 ipse
446 2033 745 2078 florentissima
777 2032 963 2076 multum
991 2031 1191 2075 omnibus
1220 2030 1356 2091 gloria
1382 2046 1483 2090 prae-

135 2114 323 2157 stitisset.

197 2196 273 2237 ΙΙΙ.
309 2193 392 2237 Sed
418 2196 624 2254 quoniam
654 2194 778 2254 attigi
812 2193 1073 2254 cogitatione
1099 2193 1182 2235 vim
1210 2192 1481 2234 varietatem-

136 2290 219 2333 que
244 2273 447 2328 fortunae,
474 2291 561 2317 non
587 2274 816 2334 vagabitur
845 2273 984 2316 oratio
1014 2289 1108 2315 mea
1140 2271 1330 2331 longius,
1357 2280 1484 2329 atque

136 2354 196 2397 eis
218 2353 304 2396 fere
320 2354 423 2413 ipsis
445 2353 675 2397 definietur
696 2353 819 2409 viris,
843 2353 917 2412 qui
939 2352 1022 2396 hoc
1043 2367 1262 2405 sermone,
1281 2366 1405 2410 quem
1421 2365 1485 2392 rc-

138 2433 248 2476 ferre
265 2433 492 2493 coepimuS,
516 2435 807 2477 continentur.
833 2433 944 2490 Quis
956 2433 1072 2475 enim
1088 2448 1173 2475 non
1195 2432 1292 2491 jure
1315 2430 1484 2472 beatam

139 2514 190 2556 L.
219 2514 362 2556 Crassi
391 2522 572 2556 mortem
599 2512 736 2569 illam,
764 2529 860 2572 quae
885 2521 946 2556 est
969 2528 992 2555 a
1018 2511 1162 2555 multis
1184 2527 1292 2569 saepe
1316 2507 1486 2560 defleta,

140 2591 313 2647 dixerit,
338 2609 474 2651 quum
490 2593 647 2636 horum
667 2593 861 2652 ipsorum
875 2593 949 2649 sit,
973 2593 1047 2652 qui
1066 2602 1159 2636 tum
1182 2606 1280 2634 cum
1299 2587 1372 2632 illo
1390 2603 1488 2647 pos-
