1843 3166
625 209 1024 246 ADNo'rATmNEs.
1423 211 1497 259 295

157 293 306 332 sponte,
329 293 364 320 et
384 286 448 333 qui
467 285 572 320 inviti
591 293 807 333 sequuntur,
833 286 953 320 omnia
981 299 1000 321 a
1025 298 1062 321 se
1080 286 1280 332 promunt?
1302 289 1355 322 An
1373 300 1462 324 vero
1484 302 1503 325 a

153 360 189 381 se
208 359 379 394 promere
398 345 575 394 significat
605 354 736 392 sponte
755 347 948 392 promere?
968 348 1051 382 Haec
1076 345 1294 393 significatio
1324 351 1504 396 praeposi—

148 408 255 442 tionis
274 421 298 442 a
323 420 407 442 cum
437 407 550 442 verbo
573 418 709 454 promo
727 407 859 442 nullibi
884 408 974 442 mihi
1003 406 1175 442 occurrit.
1191 407 1286 442 Vide
1305 408 1429 455 igitur,
1449 412 1503 446 le-

147 476 238 512 ctor,
268 480 314 503 an
349 480 426 502 non
454 466 567 502 editio
600 468 708 511 Ven„
730 474 765 502 et
796 469 875 503 MS.
914 468 1018 504 Norf.
1055 469 1158 515 Mog.
1190 468 1312 502 Mead.
1342 470 1442 505 Harl.
1474 473 1502 506 Ι.

146 530 250 564 Cant.
272 530 346 563 Bal.
368 530 461 575 Vog.
476 528 570 562 Nov.
596 534 630 562 et
651 529 755 562 Joan.
780 529 1044 564 vetustissimus
1063 535 1260 576 suggerant
1279 529 1502 566 verissimam

145 591 335 625 lectionem
350 589 564 636 promisisse
588 602 599 622 :
624 589 781 636 quibus,
811 590 840 625 si
871 589 962 625 fides
984 589 1196 625 adhibenda
1224 589 1286 633 sit,
1309 588 1359 624 sic
1383 590 1506 625 locum

143 649 300 697 refingas
326 661 335 683 ε
356 665 371 680 «
385 650 471 684 Non
491 649 568 695 ipse
586 649 728 696 aliquid
746 650 791 685 de
810 663 867 685 me
886 650 1133 697 promisisse.»
1154 649 1301 684 Litterae
1325 662 1346 684 e
1364 657 1400 685 et
1417 664 1441 685 a
1468 651 1506 686 in

144 711 249 746 MSS.
274 722 368 757 saepe
393 710 686 755 confunduntur,
711 718 746 746 et
773 711 894 746 littera
925 712 953 745 d
976 711 1078 746 vocis
1107 711 1153 745 de
1181 711 1286 746 facile
1314 711 1507 747 absorberi

141 769 264 817 potuit
292 783 312 806 a
332 772 451 806 littera
469 778 653 817 postrema
670 772 909 817 praecedentis
927 772 1028 807 vocis
1057 772 1209 818 aliquid.
1230 772 1372 808 Eodem
1391 772 1505 809 modo

142 833 310 880 loquitur
334 832 530 876 Horatius,
556 833 632 867 Sat.
659 845 710 875 IV,
740 845 752 866 1
778 845 786 866 ε

281 972 288 978 .
305 971 313 979 .
331 972 338 978 .
359 972 366 979 .
387 949 430 978 Ut
448 947 474 978 si
491 946 567 988 quid
587 946 768 989 promittere
787 946 825 977 de
845 958 890 978 me

278 1004 401 1033 Possum
418 1001 504 1033 aliud
522 1012 610 1040 vere,
631 1001 789 1044 promitto.

142 1123 258 1156 Porro
284 1121 358 1155 haec
378 1121 488 1155 lectio
509 1120 648 1167 optime
668 1119 828 1167 quadrat
856 1119 915 1164 iis,
936 1132 1017 1166 quae
1037 1132 1149 1167 supra
1178 1120 1278 1155 dicta
1304 1129 1389 1155 sunt
1410 1135 1416 1154 :
1445 1122 1505 1156 in—

141 1182 223 1216 nuit
242 1181 337 1216 enim
363 1183 511 1216 Crassus
537 1194 574 1216 se
602 1182 700 1215 nolle
725 1179 860 1215 imitari
882 1182 1050 1225 Graecos,
1076 1193 1192 1227 quos,
1220 1181 1259 1215 in
1285 1182 1508 1228 praecedenti

142 1242 281 1290 capite,
302 1243 423 1290 arguit
442 1242 700 1289 impudentiae,
733 1241 837 1288 quod
864 1242 964 1275 nulla
985 1249 1062 1276 erat
1089 1254 1147 1276 res
1181 1241 1227 1276 de
1256 1254 1329 1289 qua
1359 1255 1438 1277 non
1470 1256 1508 1278 se

142 1303 284 1348 omnia,
305 1316 386 1350 quae
406 1303 478 1338 dici
499 1310 668 1349 possent,
682 1301 949 1349 profiterentur
969 1315 1044 1338 esse
1059 1303 1243 1347 dicturos,
1262 1303 1302 1338 id
1317 1311 1390 1348 est,
1413 1316 1507 1350 pro-

141 1364 335 1399 mittebant
368 1376 405 1398 se
442 1364 614 1398 omnibus
645 1363 920 1410 quaestiunculis
955 1376 1200 1410 responsuros
1231 1376 1318 1399 esse.
1360 1365 1508 1399 Crassus

142 1424 255 1472 igitur
279 1424 354 1459 istis
373 1424 497 1472 graecis
517 1424 718 1470 magistris,
738 1430 849 1469 atque
870 1422 1072 1457 artificibus
1092 1423 1240 1457 dicendi
1262 1423 1420 1469 opponit
1445 1436 1482 1458 se
1498 1451 1509 1468 ,

142 1497 254 1531 quem
278 1491 386 1518 vocat
405 1496 514 1518 unum
537 1496 557 1517 e
575 1492 776 1530 togatorum
795 1495 962 1526 numero,
987 1491 1096 1529 acque
1115 1483 1321 1529 exforensi
1346 1495 1411 1517 usu
1435 1483 1508 1518 ho-

143 1546 286 1580 minem.
301 1546 353 1580 Ut
377 1544 450 1589 illi,
471 1543 593 1591 inquit
613 1545 782 1587 Crassus,
802 1542 959 1578 artifices
984 1550 1088 1586 sunt,
1112 1550 1146 1576 et
1165 1543 1329 1590 magistri
1349 1543 1509 1589 dicendi,

145 1618 213 1654 ego
239 1618 329 1641 vero
361 1613 526 1648 tantum,
548 1612 729 1651 quantum
755 1603 845 1636 mihi
875 1615 967 1649 opus
987 1609 1060 1646 est,
1088 1602 1218 1645 didici3
1248 1603 1298 1637 sic
1321 1603 1374 1637 illi
1401 1604 1446 1638 de
1472 1616 1509 1639 se

145 1667 268 1702 omnia
296 1665 541 1713 promittunt,
578 1677 646 1712 ego
674 1676 765 1698 vero
796 1675 991 1710 nunquam
1030 1670 1183 1710 sponte,
1212 1675 1406 1710 nunquam
1439 1665 1509 1700 nisi

145 1728 302 1762 fortuito
315 1754 324 1770 ,
343 1727 381 1760 in
400 1725 615 1771 hujusmodi
645 1724 911 1771 disputationes
932 1724 1053 1759 venio.
1074 1726 1272 1759 PEARcms.

203 1795 372 1831 Solebam
394 1796 430 1829 ιή
445 1795 662 1842 prensando
681 1795 862 1829 dimittere
887 1806 910 1827 a
929 1806 986 1828 me
1005 1794 1218 1829 Scaevolam.
1247 1793 1292 1828 Id
1309 1795 1422 1840 paulo
1447 1796 1509 1831 fu-

145 1858 219 1892 sius
246 1857 404 1903 explicat
430 1857 552 1890 Valer.
573 1855 775 1899 Maximus,
797 1868 847 1899 lv,
872 1854 891 1889 5
905 1883 914 1900 ,
941 1856 988 1890 de
1012 1856 1048 1887 V
1043 1856 1236 1889 erecundc'a
1255 1868 1267 1888 .·
1288 1870 1302 1886 «
1324 1856 1507 1892 Consula-

144 1927 224 1954 tum
242 1925 370 1964 petens
395 1918 436 1952 L.
458 1918 625 1961 Crassus,
647 1929 761 1963 quum
774 1945 783 1962 ,
803 1917 967 1951 omnium
988 1916 1273 1952 candidatorum
1290 1929 1414 1962 more,
1432 1918 1508 1953 Fo-

144 1993 228 2015 rum
255 1980 413 2026 supplex
435 1979 580 2026 populo
608 1978 661 2012 ire
683 1986 892 2026 cogeretur,
916 1990 1110 2025 nunquam
1139 1977 1274 2012 adduci
1301 1978 1441 2024 potuit,
1466 1986 1509 2013 ut

146 2039 397 2086 id‚praesente
419 2041 465 2084 Q.
486 2039 668 2083 Scaevola,
689 2038 902 2087 gravissimo
922 2046 958 2073 et
977 2037 1242 2085 sapientissimo
1255 2038 1358 2083 viro,
1378 2051 1508 2074 socero

146 2112 234 2145 suo,
261 2099 406 2135 faceret.
427 2101 558 2147 Itaque
578 2100 733 2148 rogabat
752 2112 857 2145 eum,
881 2106 923 2134 ut
943 2112 961 2135 a
982 2113 1018 2135 se
1031 2127 1039 2143 ‚
1065 2101 1155 2134 dum
1183 2099 1337 2146 inceptae
1360 2100 1414 2135 rei
1438 2100 1506 2134 de-

147 2161 320 2204 serviret,
341 2161 546 2196 discederet
564 2174 572 2196 :
592 2160 771 2206 majorem
789 2161 1049 2196 verecundiam
1069 2160 1258 2209 dignitatis
1278 2159 1376 2205 ejus,
1395 2173 1508 2208 quam

148 2221 313 2256 candidae
332 2228 426 2270 togae
452 2235 524 2257 suae
543 2228 755 2269 respectum
783 2233 904 2269 agens.
923 2223 1054 2256 Pnus‘r.

202 2290 286 2325 CAP.
307 2290 421 2324 XXV.
436 2289 473 2325 C.
488 2290 599 2326 Coelio
607 2317 619 2334 ‚
640 2291 882 2338 oequallmeo.
895 2290 1021 2325 Cicero
1038 2290 1077 2324 in
1087 2291 1208 2333 Bruto,
1222 2301 1305 2332 XLV,
1316 2288 1458 2334 scribit,
1470 2289 1509 2324 in

149 2350 264 2386 Coelio
283 2347 498 2385 industriam
513 2364 690 2387 summam
703 2351 812 2387 fuisse
824 2380 833 2396 ,
852 2363 1082 2398 summasque
1094 2350 1268 2395 virtutes,
1292 2350 1508 2397 eloquentiae

149 2419 291 2447 tantum
304 2440 312 2456 ‚
340 2411 444 2458 quod
463 2419 555 2447 esset
578 2413 614 2447 in
646 2413 757 2449 rebus
772 2412 943 2460 privatis,
964 2413 1088 2448 amicis
1113 2411 1212 2458 ejus,
1233 2411 1271 2445 in
1294 2411 1504 2458 republica,

150 2473 263 2520 ipsius
282 2472 453 2521 dignitati
472 2473 567 2508 satis.

211 2542 300 2587 Quis
318 2548 478 2577 vestrum
503 2544 686 2589 oequalem
699 2569 710 2586 ,
740 2544 782 2587 Q.
813 2543 849 2576 V
844 2543 960 2578 an'um
971 2569 983 2586 ,
1010 2551 1155 2578 vastum
1174 2540 1374 2582 hominem,
1401 2547 1509 2586 aeque

148 2598 302 2639 foedum.
318 2601 458 2637 Victor.
473 2602 639 2639 Lambin.
661 2605 809 2638 Gruter.
833 2617 870 2638 επ
884 2603 975 2650 Quis
994 2611 1154 2640 vestrum
1175 2601 1349 2649 aequalem
1367 2611 1508 2641 meum,
