1843 3166
289 212 333 252 74
420 212 423 215 '
810 208 873 241 DE
904 208 1140 243 ORATORE

288 293 322 334 si
345 291 463 351 parvi
486 291 643 351 navigii
663 299 703 333 et
726 292 870 351 magni
897 291 1044 334 eadem
1067 301 1130 335 est
1149 293 1191 334 in
1215 292 1501 353 gubernando
1521 294 1658 337 scien-

290 373 374 429 tia,
404 373 564 416 ideirco
587 373 684 431 qui,
724 372 882 432 quibus
914 373 1055 416 verbis
1087 382 1255 417 erctum
1289 374 1392 417 cieri
1430 383 1657 434 oporteat,

290 454 478 508 nesciat,
519 453 632 497 idem
669 453 966 497 herciscundae
1000 453 1172 498 familiae
1211 472 1384 500 causam
1414 472 1541 516 agere
1570 472 1658 501 non

291 536 438 595 possit.

355 618 489 672 Nam,
527 616 644 676 quod
681 617 888 659 maximas
925 616 1262 661 centuinviralcs
1299 635 1448 662 causas
1485 619 1528 661 in
1562 619 1661 679 jure

292 699 453 758 positas
479 697 698 757 protulisti
721 714 730 740 :
768 714 865 757 quae
894 698 1069 741 tandem
1095 715 1244 742 earum
1272 715 1401 743 causa
1434 700 1534 755 fuit,
1567 716 1662 759 quae

291 779 343 822 ab
378 779 554 822 homine
589 778 831 838 eloquenti,
858 779 968 839 juris
1003 780 1225 839 imperito,
1269 797 1356 823 non
1388 781 1663 824 ornatissime

292 861 485 920 potuerit
517 860 630 903 dici?
662 861 821 920 quibus
845 860 1023 920 quidem
1050 861 1093 903 in
1123 861 1263 904 causis
1288 861 1512 919 omnibus,
1552 863 1664 906 sicut

294 943 337 984 in
366 943 456 1002 ipsa
491 940 565 985 Μ’.
587 942 735 997 Curii,
778 958 873 1001 quae
908 942 983 985 abs
1020 951 1060 985 te
1097 958 1237 1002 nuper
1270 951 1334 985 est
1368 942 1502 998 dicta,
1545 952 1588 987 et
1621 944 1664 987 in

294 1024 342 1066 C.
363 1022 536 1065 Hostilii
561 1022 757 1066 Mancini
781 1023 1098 1078 controversia,
1123 1033 1255 1083 atque
1276 1024 1320 1066 in
1344 1040 1394 1067 eo
1413 1041 1569 1084 puero,
1589 1026 1665 1083 qui

294 1119 346 1145 ex
374 1102 508 1145 altera
544 1112 670 1146 natus
705 1112 798 1145 crat
832 1119 991 1158 uxore,
1032 1120 1118 1146 non
1144 1105 1324 1147 remisso
1354 1106 1510 1148 nuntio
1541 1122 1668 1166 supe-

296 1183 422 1239 riori,
464 1183 545 1227 fuit
583 1184 696 1226 inter
732 1184 1020 1244 peritissimos
1054 1185 1255 1229 homines
1293 1202 1460 1230 summa
1488 1186 1540 1231 de
1571 1188 1670 1248 jure

297 1264 519 1308 dissensio.

363 1347 525 1403 Quaero
552 1346 702 1407 igitur,
725 1346 833 1406 quid
858 1347 1073 1407 adjuverit
1109 1359 1330 1393 oratorem
1359 1350 1403 1393 in
1435 1350 1502 1394 his
1533 1352 1673 1396 causis

295 1427 406 1486 juris
433 1427 637 1482 scientia,
671 1444 807 1487 quum
839 1427 911 1471 hic
937 1429 1278 1488 jurisconsultus
1311 1432 1510 1491 superior
1542 1431 1676 1476 fuerit

300 1507 591 1564 discessurus,
621 1509 696 1568 qui
719 1518 831 1552 esset
855 1525 944 1552 non
970 1527 1048 1553 suo
1078 1510 1285 1568 artificio,
1313 1511 1387 1554 sed
1410 1511 1570 1569 alieno,
1593 1513 1676 1557 hoc

299 1599 363 1631 est
380 1623 391 1643 ,
412 1606 500 1631 non
517 1589 629 1649 juris
645 1590 824 1632 scientia
841 1624 851 1645 ,
869 1589 943 1632 sed
960 1589 1233 1650 eloquentia,
1251 1602 1532 1637 sustentatus.
1549 1594 1678 1654 Equi-

302 1670 403 1712 dem
431 1670 516 1713 hoc
545 1687 656 1730 saepe
683 1670 855 1727 audivi,
882 1687 1019 1731 quum
1045 1671 1297 1716 aedilitatem
1325 1676 1372 1717 P.
1396 1676 1577 1719 Crassus
1604 1692 1678 1736 pe-

302 1760 434 1807 teret,
463 1768 651 1812 eumque
672 1752 812 1812 major
832 1762 958 1807 natu,
981 1753 1111 1797 etiam
1131 1754 1394 1812 consularis,
1422 1758 1514 1800 Ser.
1536 1755 1679 1800 Galba

302 1842 604 1888 assectaretur‚
636 1833 755 1893 quod
781 1835 927 1878 Crassi
955 1834 1087 1879 filiam
1117 1838 1166 1880 C.
1195 1835 1286 1880 filio
1316 1854 1394 1881 suo
1418 1837 1678 1898 despondis-

303 1922 386 1968 set,
424 1914 653 1957 accessisse
681 1913 736 1957 ad
768 1917 976 1959 Crassum
1001 1915 1259 1961 consulendi
1285 1934 1415 1962 causa
1444 1918 1679 1978 quemdam

303 1995 605 2038 rusticanum:
650 1996 725 2055 qui
758 2012 895 2055 quum
929 1999 1135 2042 Crassum
1168 1997 1424 2055 seduxisset,
1467 2008 1597 2059 atque
1625 2000 1681 2043 ad

304 2092 405 2118 eum
420 2075 640 2119 retulisset
655 2111 666 2130 ,
685 2094 1033 2137 responsumque
1053 2079 1107 2122 ab
1125 2096 1177 2123 eo
1195 2096 1346 2123 verum
1363 2081 1500 2141 magis
1513 2115 1524 2137 ,
1549 2098 1680 2141 quam

306 2155 361 2199 ad
389 2173 512 2200 suam
538 2174 631 2201 rem
663 2159 1041 2203 accommodatum
1070 2160 1343 2216 abstulisset3
1380 2171 1427 2205 ut
1455 2179 1555 2206 eum
1581 2163 1682 2206 tris-

306 2246 395 2280 tem
420 2236 563 2281 Galba
586 2239 724 2296 vidit,
758 2241 937 2284 nomine
967 2241 1230 2302 appellavit,
1259 2244 1566 2304 quaesivitque,
1595 2261 1682 2304 qua

307 2317 361 2361 de
382 2335 428 2362 re
448 2318 502 2362 ad
522 2321 730 2364 Crassum
748 2321 982 2366 retulisset.
1011 2325 1076 2367 Ex
1098 2340 1186 2383 quo
1209 2334 1259 2368 ut
1280 2324 1472 2381 audivit,
1493 2342 1683 2369 commo-

307 2407 490 2459 tumque
516 2409 565 2443 ut
587 2400 697 2444 vidit
722 2402 944 2446 hominem
960 2437 971 2459 ‚
1001 2405 1244 2464 Suspenso,
1274 2406 1442 2465 inquit,
1467 2407 1615 2449 animo
1641 2416 1682 2449 et

308 2490 522 2540 occupato
546 2484 752 2526 Crassum
775 2484 854 2527 tibi
878 2485 1155 2545 respondisse
1177 2486 1317 2530 video.

371 2561 541 2605 Deinde
562 2563 703 2623 ipsum
727 2567 932 2609 Crassum
954 2583 1085 2610 manu
1110 2568 1367 2627 prehendit,
1388 2576 1450 2622 et,
1474 2570 1592 2612 Heus
1614 2578 1682 2624 tu,

310 2642 475 2702 inquit,
505 2642 610 2703 quid
634 2644 711 2687 tibi
738 2646 782 2689 in
809 2656 999 2692 mentem
1027 2649 1143 2691 venit
1167 2650 1225 2691 ita
1250 2647 1545 2708 respondere?
1570 2652 1682 2694 Tum
