1843 3166
630 212 770 247 LIBER
802 213 866 246 111.
1351 210 1395 244 26
1408 221 1424 252 7

74 295 305 340 traduntur
324 297 364 339 in
386 296 549 356 vulgari
569 297 647 339 ista
665 295 910 355 disciplina,
932 311 1008 338 nos
1023 311 1072 338 ea
1090 295 1250 354 majora
1272 313 1320 338 ac
1341 295 1424 337 ‹lis-

76 374 252 418 siciliora
289 375 422 418 videri
450 373 556 417 velle
583 374 822 417 videamur.
840 376 1022 417 —Tnm
1049 373 1252 428 Catulus,
1277 376 1428 429 Erras,

75 455 240 514 inquit,
261 449 434 511 Crasse,
459 455 493 498 si
523 464 598 497 aut
620 471 712 510 me,
741 464 816 498 aut
836 455 991 498 horum
1014 471 1276 514 quemquam
1304 464 1429 513 putas

74 552 98 578 a
129 545 170 578 te
192 536 281 579 haec
309 551 437 595 opera
462 534 714 594 quotidiana
727 544 1012 596 etpervagata
1037 543 1309 596 exspectare:
1331 534 1432 586 ista,

77 633 170 675 quae
209 617 338 672 dicis,
373 615 456 659 dici
484 615 706 671 volumus;
740 632 880 676 neque
917 626 1003 660 tam
1038 616 1150 672 dici,
1185 630 1316 674 quam
1353 614 1434 656 isto

78 695 162 739 dici
197 695 338 739 modo.
365 697 515 756 Neque
546 697 621 739 tibi
647 696 730 741 hoe
755 714 834 758 pro
860 714 927 740 me
964 696 1125 752 solum,
1158 694 1232 739 sed
1268 711 1346 755 pro
1370 694 1436 737 his

79 775 280 819 omnibus
303 777 392 820 sine
422 775 508 820 ulla
532 776 800 821 dubitatione
826 776 1083 837 respondeo.

140 859 307 918 —Ego
336 874 458 908 vcro,
486 858 627 917 inquit
657 858 890 914 Antonius,
921 859 1061 902 inveni
1085 857 1283 911 tandem,
1308 873 1436 916 quem

82 953 285 997 negaram
308 938 347 980 in
376 953 446 993 eo,
477 954 604 998 quem
636 939 809 998 scripsi,
833 937 1000 994 libello,
1027 954 1095 981 me
1118 938 1330 981 invenisse
1357 936 1440 980 elo-

81 1028 313 1076 quentem;
337 1018 409 1061 sed
432 1035 482 1062 eo
510 1028 550 1061 te
575 1035 627 1062 ne
647 1017 851 1062 laudandi
877 1019 1052 1080 quidem
1081 1036 1208 1063 causa
1231 1017 1438 1078 interpel-

82 1097 192 1153 lavi,
221 1115 273 1141 ne
307 1098 411 1158 qnid
435 1097 487 1142 de
520 1099 601 1142 hoc
630 1109 716 1142 tam
741 1100 895 1161 exiguo
925 1100 1132 1144 sermonis
1159 1100 1221 1142 tui
1249 1109 1443 1159 tempore

83 1179 219 1222 verbo
245 1188 450 1222 uno‘nieo
473 1178 802 1232 diminueretur.

150 1261 347 1301 —Hanc
368 1259 514 1320 igitur,
535 1261 715 1304 Crassus
739 1260 903 1320 inquit,
930 1259 984 1303 ad
1003 1259 1142 1320 legem
1165 1276 1301 1320 quum
1322 1275 1444 1302 exer-

83 1340 312 1394 citatione,
348 1349 440 1383 tum
466 1339 595 1400 stylo,
620 1341 693 1400 qui
717 1350 760 1384 et
798 1338 901 1396 alia,
940 1350 982 1383 et
1004 1341 1086 1384 hoc
1114 1341 1298 1383 maxime
1320 1349 1447 1383 ornat

87 1437 135 1463 ac
170 1419 316 1476 limat,
342 1420 567 1464 formanda
592 1421 717 1464 nobis
740 1422 878 1465 oratio
903 1431 978 1465 est.
1009 1422 1163 1480 Neque
1198 1430 1339 1463 tamen
1364 1420 1447 1463 hoc

87 1501 196 1543 tanti
216 1499 375 1543 laboris
396 1510 478 1555 est,
506 1501 657 1561 quanti
686 1500 881 1557 vi‹letur;
906 1517 985 1545 uec
1008 1510 1108 1544 sunt
1133 1501 1222 1544 haec
1241 1501 1450 1561 rhythmi-

86 1597 238 1624 corum
263 1597 312 1624 ac
347 1581 611 1624 musicorum
639 1582 848 1624 acerrima
872 1597 1025 1625 norma
1046 1579 1296 1641 dirigenda3
1320 1589 1362 1622 et
1385 1579 1447 1622 ef-

87 1661 321 1705 ficiendum
357 1670 421 1703 est
455 1659 561 1702 illud
601 1659 729 1703 modo
766 1659 917 1715 nobis,
963 1676 1016 1703 ne
1054 1659 1160 1702 fluat
1201 1660 1358 1716 oratio,
1396 1676 1449 1703 ne

87 1749 282 1800 vagetur,
320 1756 372 1782 ne
409 1740 575 1782 insistat
614 1738 811 1794 interius,
847 1755 901 1782 ne
935 1749 1136 1782 excurrat
1169 1738 1363 1798 longius,
1403 1749 1452 1782 ut

90 1821 295 1864 membris
316 1820 621 1881 distinguatur,
643 1829 691 1862 ut
711 1820 1013 1863 conversiones
1040 1820 1198 1863 habeat
1219 1819 1449 1864 absolutas.

91 1901 242 1960 Neque
268 1917 434 1961 semper
463 1900 673 1943 utendum
703 1910 767 1944 est
790 1901 1099 1961 perpetuitate,
1136 1911 1177 1944 et
1200 1902 1321 1960 quasi
1345 1918 1447 1944 con-

91 1982 289 2024 versione
324 1981 587 2035 verborum,
616 1980 689 2023 sed
715 1997 824 2041 saepe
846 1981 1059 2042 carpenda
1082 1982 1283 2025 membris
1309 1983 1452 2025 minu-

92 2061 274 2105 tioribus
298 2061 435 2105 oratio
461 2071 543 2117 est,
568 2077 661 2120 quae
687 2070 826 2104 tamen
851 2062 941 2122 ipsa
961 2062 1152 2105 membra
1176 2072 1279 2105 sunt
1303 2079 1453 2106 nume-

92 2143 153 2185 ris
177 2140 413 2185 vincienda.

158 2224 311 2282 Neque
339 2239 413 2265 vos
442 2239 585 2284 paeon,
613 2232 687 2266 aut
707 2223 865 2266 herous
891 2222 961 2267 ille
985 2223 1240 2267 conturbet:
1273 2224 1353 2283 ipsi
1380 2240 1453 2267 oe-

95 2312 270 2347 current
293 2303 500 2356 orationi;
530 2304 635 2363 ipsi,
662 2304 861 2362 inquam,
896 2319 939 2346 se
963 2303 1171 2358 offerent,
1199 2312 1241 2347 et
1273 2319 1451 2363 respon-

94 2384 259 2428 debunt
287 2400 372 2426 non
400 2384 551 2427 vocati.
579 2383 858 2428 Consuetudo
895 2384 1023 2427 modo
1052 2383 1125 2427 illa
1150 2385 1205 2428 sit
1239 2384 1458 2427 scribendi

95 2474 226 2524 atque
252 2462 447 2519 dicendi,
472 2473 519 2506 ut
546 2464 768 2506 sententiae
793 2464 934 2506 verbis
963 2463 1183 2518 finiantur,
1218 2480 1459 2522 eorumque

96 2544 327 2588 verborum
344 2545 514 2604 junctio
539 2553 742 2588 nascatur
766 2560 790 2587 a
807 2545 998 2604 proceris
1019 2546 1207 2588 numeris
1223 2561 1270 2587 ac
1292 2542 1459 2593 liberis,

101 2626 286 2669 maxime
312 2624 466 2679 heroo,
496 2634 537 2667 et
575 2641 720 2684 paeonc
744 2626 906 2685 priore,
931 2634 1003 2668 aut
1038 2626 1217 2681 cretico,
1247 2623 1319 2667 sed
1345 2627 1459 2667 varie
