1843 3166
714 260 855 294 LIBER
885 262 911 295 1.
1441 276 1484 308 27

136 344 217 387 nisi
247 351 522 405 cognosceret
553 343 612 398 iS,
643 343 716 401 qui
749 342 926 398 diceret,
961 355 1069 403 quot
1099 345 1236 389 modis
1266 347 1486 392 hominum

135 432 317 477 mentes,
357 431 400 465 et
438 420 596 481 quibus
631 421 779 478 rebus,
816 432 859 465 et
895 440 982 483 quo
1017 441 1172 483 genere
1204 426 1410 470 orationis
1447 429 1489 471 in

135 517 350 561 quamque
372 510 538 561 partem
563 510 844 545 moverentur
867 519 877 545 :
911 503 1002 547 haec
1026 513 1170 548 autem
1203 521 1292 548 esse
1321 507 1491 565 penitus

135 582 178 624 in
211 579 349 623 media
381 579 653 640 philosophia
693 589 858 624 retrusa
897 591 1026 642 atque
1064 583 1230 641 abdita,
1256 600 1386 644 quam
1424 586 1489 629 isti

133 660 325 703 rhetores
348 676 402 703 ne
422 660 685 720 primoribus
711 660 885 720 quidem
911 660 1041 705 labris
1068 664 1323 724 attigissent.

193 742 254 784 Ea
285 738 568 783 Menedemus
605 739 810 800 exemplis
845 741 1000 801 magis,
1032 758 1162 801 quam
1196 745 1490 804 argumentis,

133 819 372 863 conabatur
402 818 607 862 refellere.
636 820 891 863 Memoriter
915 822 1028 864 enim
1053 821 1189 866 multa
1212 839 1263 866 ex
1287 824 1492 867 orationi-

135 898 216 942 bus
236 899 541 943 Demosthenis
563 897 766 958 praeclare
791 901 950 960 scripta
972 903 1281 960 pronuntians,
1304 901 1492 958 dicebat,

133 977 253 1022 illum
278 979 321 1021 in
344 979 497 1021 animis
523 977 590 1022 vel
610 977 828 1038 judicum,
853 978 918 1022 vel
939 979 1110 1041 populi,
1134 982 1177 1024 in
1201 998 1373 1025 omnem
1397 999 1493 1042 par-

131 1067 218 1102 tem
244 1057 426 1102 dicendo
450 1057 776 1118 permovendis,
808 1075 895 1102 non
924 1059 1054 1103 fuisse
1085 1061 1307 1121 ignarum,
1334 1062 1490 1121 quibus

133 1154 182 1181 ea
207 1138 337 1182 rebus
364 1147 719 1198 consequeretur,
750 1155 845 1198 quae
878 1149 1055 1199 negaret
1088 1139 1157 1183 ille
1183 1141 1272 1184 sine
1303 1140 1490 1201 philoso—

133 1218 234 1277 phia
259 1234 520 1278 quemquam
550 1217 657 1260 scire
681 1234 818 1278 posse.

194 1300 291 1342 XX.
330 1299 442 1342 Huic
469 1296 539 1340 ille
570 1297 881 1357 respondebat,
916 1315 1003 1342 non
1035 1315 1078 1342 se
1106 1316 1285 1360 negare,
1309 1301 1491 1345 Demos-

130 1379 305 1422 thenem
342 1393 554 1421 summam
597 1376 902 1438 prudentiam,
945 1394 1243 1439 summamque
1283 1380 1370 1423 vim
1411 1380 1489 1423 ha-

128 1458 273 1502 buisse
295 1456 466 1502 dicendi
492 1474 501 1501 :
528 1455 601 1501 sed
621 1457 710 1501 sive
732 1455 802 1500 ille
823 1456 906 1502 hoc
927 1457 1099 1518 ingenio
1121 1458 1351 1519 potuisset,
1374 1460 1483 1516 sive,

130 1538 174 1582 id
199 1537 316 1599 quod
350 1547 588 1595 constaret,
613 1536 803 1582 Platonis
834 1536 1052 1582 studiosus
1079 1537 1281 1582 audiendi
1312 1538 1487 1591 fuisset3

129 1635 240 1678 non,
271 1618 376 1679 quid
410 1616 480 1661 ille
511 1619 741 1679 potuisset,
777 1619 853 1662 sed
888 1620 993 1680 quid
1026 1621 1095 1664 isti
1129 1619 1360 1678 docerent,
1396 1635 1487 1663 esse

131 1697 426 1761 quaerendum.

192 1781 312 1841 Saepe
349 1782 477 1825 etiam
511 1782 555 1825 in
593 1797 687 1825 eam
722 1791 888 1842 partem
926 1780 1144 1825 ferebatur
1183 1781 1400 1836 oratione,
1439 1789 1486 1823 ut

129 1860 329 1917 omnino,
358 1859 617 1922 disputaret,
644 1859 808 1905 nullam
839 1870 975 1904 artem
1001 1876 1092 1904 esse
1118 1858 1288 1904 dicendi
1313 1876 1322 1902 :
1358 1858 1487 1919 idque

127 1955 228 1983 cum
247 1942 513 2001 argumentis
539 1940 764 1997 docuerat,
792 1939 910 2000 quod
933 1941 992 1983 ita
1023 1939 1112 1983 nati
1139 1955 1352 1995 essemus,
1374 1948 1423 1981 ut
1444 1948 1487 1981 et

127 2018 334 2077 blandiri,
359 2030 401 2064 et
428 2020 682 2081 suppliciter
710 2022 928 2065 insinuare
952 2020 1021 2077 iis,
1046 2036 1070 2063 a
1093 2019 1251 2080 quibus
1274 2028 1385 2062 esset
1411 2035 1484 2079 pe-

127 2099 329 2157 tendum,
356 2110 399 2144 et
428 2101 696 2144 adversarios
725 2100 951 2144 minaciter
983 2109 1145 2143 terrere
1169 2114 1413 2160 possemus,
1443 2107 1486 2141 et

128 2196 219 2224 rem
251 2189 414 2241 gestam
441 2196 678 2242 exponere,
707 2190 749 2224 et
775 2179 839 2236 id,
867 2178 984 2240 quod
1010 2177 1354 2234 intenderemus,
1385 2193 1485 2220 con-

127 2261 323 2315 firmare,
356 2270 398 2305 et
422 2261 494 2316 id,
519 2259 638 2321 quod
670 2269 822 2303 contra
847 2258 1088 2313 diceretur,
1115 2256 1329 2313 refellere,
1355 2266 1399 2300 et
1429 2256 1482 2299 ad

129 2351 370 2384 extremum
397 2340 619 2401 deprecari
642 2339 828 2399 aliquid,
848 2347 890 2382 et
913 2339 1148 2399 conqueri;
1176 2337 1333 2397 quibus
1351 2336 1395 2379 in
1415 2351 1481 2378 re-

127 2420 207 2463 bus
231 2421 373 2464 omnis
401 2428 627 2463 oratorum
650 2427 893 2462 versaretur
919 2417 1098 2462 facultas
1130 2435 1138 2460 :
1165 2427 1207 2461 et
1235 2414 1350 2476 quod
1380 2430 1483 2458 con-

129 2499 332 2555 suetudo,
353 2499 694 2558 exercitatioque
712 2507 753 2541 et
773 2495 1043 2557 intelligendi
1065 2495 1339 2557 prudentiam
1360 2510 1479 2538 acue

131 2588 220 2635 ret,
259 2589 301 2623 et
340 2578 571 2639 eloquendi
617 2577 878 2621 celeritatem
927 2578 1128 2620 incitaret
1163 2593 1172 2619 :
1217 2585 1309 2619 tum
1353 2573 1482 2616 etiarn

132 2658 428 2719 exemplorum
457 2659 580 2717 copia
609 2657 845 2700 nitebatur.
