1843 3166
231 208 487 220 uu===0usku==v==
491 208 954 219 ιιιωνυκυκνικκνυννυινικνυνικι
959 208 1106 219 sumn
1110 209 1189 218 nun-x
1194 209 1230 219 nsx
1234 209 1298 220 xth
1302 209 1460 220 m===t=uten
1467 210 1490 221 n

420 432 568 514 DE
642 430 1220 517 ORATORE.

509 645 1014 703 ADNOTATION
1025 646 1113 704 Es

722 915 906 924 λ*

597 1138 1038 1182 ARGUMENTUM.

198 1301 341 1336 Cmnno
360 1299 478 1334 tribus
496 1299 666 1335 oratoriis
686 1300 838 1348 dialogis
850 1301 990 1336 scholas
1007 1307 1042 1335 et
1061 1300 1325 1347 disputationes
1339 1300 1499 1335 duorum

147 1360 291 1395 dierum
321 1359 498 1406 instituit,
524 1368 566 1396 ut
592 1374 636 1397 ex
663 1361 768 1396 initio
801 1375 815 1396 1
850 1368 886 1396 et
914 1362 934 1397 3
967 1361 1030 1396 lib.
1062 1368 1213 1396 constat.
1240 1362 1382 1396 Primus
1406 1362 1500 1396 liber

146 1421 310 1457 continet
335 1422 582 1457 academicum
601 1435 807 1457 sermonem
830 1422 938 1456 unius
957 1421 1030 1456 diei
1050 1429 1309 1468 consumptum
1332 1421 1371 1456 in
1403 1434 1497 1456 con—

145 1482 308 1517 tentione
329 1483 374 1518 de
401 1483 501 1517 varia
529 1489 565 1517 et
587 1482 781 1529 multiplici
805 1481 1018 1518 definitione
1047 1482 1224 1527 oratoris,
1252 1482 1318 1517 ubi
1339 1482 1501 1518 Licinius

145 1543 292 1578 Crassus
316 1545 368 1578 M.
390 1545 431 1578 Τ.
458 1543 646 1579 Ciceronis
665 1544 880 1579 sententiam
899 1544 1056 1590 explicat
1075 1544 1121 1578 de
1139 1543 1305 1590 perfecto
1331 1550 1477 1578 oratore
1491 1571 1501 1588 ,

146 1603 205 1638 cui
232 1616 309 1639 non
331 1606 451 1639 solum
479 1604 722 1647 rhetoricam,
746 1603 809 1638 sed
834 1604 998 1638 omnium
1016 1603 1149 1638 artium
1173 1602 1433 1647 eruditionem,
1465 1611 1501 1638 et

146 1664 352 1699 doctrinam
371 1664 520 1708 tribuit,
540 1671 582 1698 ut
601 1670 636 1698 et
656 1663 702 1698 de
721 1664 830 1699 rebus
850 1664 1019 1699 omnibus
1038 1663 1195 1698 scienter
1207 1670 1243 1698 et
1262 1670 1392 1698 ornate
1409 1676 1500 1710 pos-

145 1724 191 1759 sit
217 1724 350 1760 dicere.
370 1725 538 1772 Singulas
557 1731 651 1760 artes
668 1724 870 1771 percurrit,
894 1725 1104 1772 probatque
1123 1731 1159 1759 et
1178 1724 1352 1771 exemplis
1377 1731 1412 1759 et
1438 1737 1500 1759 ra-

146 1785 328 1830 tionibus,
349 1797 461 1833 quam
485 1785 584 1820 utilis
612 1784 657 1820 sit
687 1797 915 1832 unaquaeque
947 1785 1096 1820 oratori.
1125 1784 1309 1820 Antonius
1337 1784 1500 1819 defendit

146 1845 361 1880 sententiam
392 1848 436 1891 Q.
470 1845 657 1880 Ciceronis
691 1845 737 1880 de
769 1853 935 1891 oratore,
960 1846 1046 1892 cui,
1083 1846 1246 1881 detracta
1282 1851 1337 1880 tot
1369 1845 1501 1880 artium

146 1906 297 1941 scientia
324 1913 360 1941 et
385 1906 613 1954 cognitione,
631 1906 854 1942 mediocrem
875 1913 1019 1942 tantum
1037 1906 1293 1954 prudentiam,
1313 1912 1349 1940 et
1367 1906 1501 1940 exerci-

146 1967 321 2003 tationem
340 1967 378 2002 in
406 1967 522 2003 causis
540 1967 766 2013 forensibus,
785 1968 972 2016 relinquit.
995 1967 1123 2013 Quint.
1146 1966 1292 2002 Mucius
1321 1967 1498 2009 Scaevola,

146 2040 275 2073 senex,
295 2028 398 2064 adest
421 2029 597 2064 sermonis
617 2035 755 2073 auctor,
778 2035 814 2063 et
834 2029 1057 2064 moderator.
1077 2030 1115 2064 P.
1134 2027 1319 2075 Sulpicius
1338 2033 1374 2061 et
1393 2026 1499 2061 Caius

146 2089 273 2133 Cotta,
298 2089 545 2124 adolescentes
576 2089 780 2134 auditores,
810 2095 845 2124 et
875 2096 1048 2137 tanquam
1072 2088 1258 2136 discipuli,
1288 2087 1406 2122 tribus
1430 2087 1500 2121 illis

146 2149 326 2197 magistris
344 2150 577 2185 adhibentur.

199 2211 390 2246 Secundus
420 2212 513 2247 liber
544 2211 654 2246 habet
681 2211 828 2247 alterius
855 2211 929 2247 diei
957 2211 1178 2247 matutinum
1212 2221 1436 2252 sermonem3
1462 2208 1499 2241 in

147 2283 223 2319 quo
249 2271 433 2306 Antom‘us
454 2278 527 2308 tres
553 2279 648 2307 artes
665 2272 872 2319 prudentiae
895 2284 916 2307 a
942 2272 1075 2308 Graecis
1103 2278 1288 2319 acceptas,
1315 2268 1499 2304 inventio-

147 2345 231 2368 nem
243 2360 252 2377 ,
272 2331 567 2379 dispositionem,
588 2340 623 2368 et
634 2333 864 2379 memoriam,
882 2334 999 2369 multo
1018 2331 1308 2382 magnificentius
1328 2338 1363 2366 et
1381 2330 1498 2378 aptius

149 2394 195 2429 ad
220 2407 328 2429 usum
349 2394 532 2428 forensem
552 2401 702 2440 tractat,
723 2407 833 2443 quam
852 2395 998 2430 fuerant
1016 2407 1037 2430 a
1060 2393 1184 2443 graecis
1207 2392 1416 2428 hominibus
1434 2404 1498 2427 ex-

147 2454 286 2501 positae.
309 2455 441 2490 Omnia
469 2455 582 2503 igitur
605 2463 787 2502 praecepta
810 2455 934 2503 ponit,
955 2468 999 2491 ex
1018 2455 1153 2503 quibus
1173 2460 1385 2501 argumenta
1407 2465 1497 2498 pos-

149 2515 259 2551 simus
292 2528 439 2559 eruere,
465 2515 601 2562 quibus
630 2516 770 2551 animos
795 2516 964 2561 judicum
988 2528 1153 2560 movere,
1179 2522 1213 2549 et
1238 2512 1345 2548 nohis
1374 2512 1497 2547 conci—

148 2576 235 2612 liare
255 2589 262 2611 :
282 2577 354 2612 tria
372 2577 431 2612 illa
451 2588 601 2624 genera,
619 2576 809 2621 judiciale,
830 2577 1126 2621 deliberativum,
1153 2572 1497 2615 demonstrativum,
