1843 3166
391 147 462 182 236
910 150 972 184 DF,
998 149 1232 186 ORATORE

373 228 644 286 'tradet-etur,
668 242 709 275 et
737 249 869 292 quum
900 234 1172 293 impudentiae
1196 233 1322 277 ludus
1335 243 1461 291 esset3
1477 234 1623 294 putavi
1647 249 1737 279 esse

390 313 597 368 censoris,
626 329 677 355 ne
694 312 860 373 longius
884 313 926 356 id
950 324 1162 374 serperet,
1187 314 1426 375 providere.

451 394 709 452 Quanquam
732 410 816 436 non
842 394 930 436 haec
958 395 1014 437 ita
1038 404 1180 438 statuo
1206 405 1334 455 atque
1360 395 1563 450 decerno,
1598 404 1647 438 ut
1669 394 1738 439 de-

387 489 572 533 sperem,
599 471 726 516 latine
747 490 815 530 ca,
835 473 886 516 dc
903 474 1059 534 quibus
1076 474 1410 535 disputavimus,
1445 474 1555 518 tradi
1577 491 1625 518 ac
1648 491 1736 535 per·

387 553 511 613 poliri
533 571 541 597 :
576 555 738 613 patitur
760 557 873 598 enim
896 565 937 599 et
962 554 1107 615 lingua
1134 565 1298 611 nostra,
1324 565 1366 599 et
1390 566 1542 599 natura
1569 571 1736 609 rerum,

386 645 571 677 veterem
598 633 710 678 illam
732 634 1096 694 excellentemque
1112 635 1384 694 prudentiam
1402 637 1654 680 Graecorum
1682 634 1735 679 ad

386 724 580 758 nostrum
602 732 725 758 usum
749 732 998 775 moremque
1016 715 1258 770 transserri3
1276 715 1348 758 sed
1362 716 1608 759 hominibus
1624 732 1733 776 opus

385 804 449 838 est
473 794 671 850 eruditis,
706 795 779 854 qui
809 795 968 850 adhuc,
1007 795 1050 838 in
1085 795 1167 838 hoc
1192 794 1364 854 quidem
1394 812 1572 856 genere,
1597 795 1734 839 nostri

384 874 490 918 nulli
516 875 709 930 suerunt3
725 876 788 919 sin
812 874 984 936 quando
1005 875 1266 932 exstiterint,
1283 875 1409 918 etiam
1426 876 1589 919 Graecis
1607 884 1733 919 erunt

385 955 686 1016 anteponendi.

446 1039 584 1080 XXV.
612 1039 806 1081 Ornatur
824 1038 955 1099 igitur
977 1039 1115 1082 oratio
1138 1054 1295 1099 genere
1314 1037 1523 1098 primum,
1550 1046 1593 1080 et
1612 1036 1733 1096 quasi

382 1117 522 1161 colore
545 1118 732 1178 quodam
757 1128 797 1162 ct
822 1135 951 1162 succo
974 1136 1078 1163 suo:
1109 1135 1208 1163 nam
1228 1128 1277 1162 ut
1304 1119 1466 1179 gravis,
1493 1127 1540 1161 ut
1565 1118 1729 1171 suavis,

383 1208 430 1241 ut
455 1198 621 1242 erudita
647 1200 720 1255 sit,
741 1199 1014 1256 inliberalis,
1040 1210 1089 1243 ut
1111 1198 1399 1255 admirabilis,
1426 1208 1474 1242 ut
1500 1197 1655 1259 polita,
1683 1207 1733 1241 ut

382 1295 553 1334 sensus,
587 1289 634 1322 ut
660 1278 828 1323 dolores
856 1279 1032 1336 habeat,
1059 1289 1271 1339 quantum
1297 1295 1406 1339 opus
1440 1279 1520 1333 sit,
1557 1295 1645 1322 non
1668 1287 1730 1322 est

383 1358 650 1419 singulorum
670 1360 950 1404 articulorum
967 1377 977 1415 3
994 1361 1036 1404 in
1060 1370 1150 1404 toto
1164 1370 1413 1420 spectantur
1426 1360 1516 1403 haee
1532 1375 1727 1419 corpore.

382 1442 441 1484 Ut
465 1456 594 1499 porro
621 1456 849 1500 conspersa
875 1441 928 1484 sit
944 1440 1064 1500 quasi
1090 1441 1317 1483 verborum
1336 1440 1732 1498 sententiarumque

383 1519 586 1575 floribus3
618 1520 661 1562 id
688 1536 775 1563 non
809 1520 935 1562 debet
960 1536 1050 1562 esse
1072 1520 1214 1563 fusum
1236 1518 1502 1580 aequabiliter
1537 1535 1613 1579 per
1637 1535 1731 1562 om-

382 1616 478 1642 nem
498 1599 761 1655 orationem,
785 1599 857 1642 sed
876 1600 936 1643 ita
961 1599 1212 1643 distinctum
1227 1634 1238 1654 ‚
1262 1609 1308 1642 ut
1324 1600 1430 1653 sint,
1453 1600 1574 1659 quasi
1597 1601 1641 1643 in
1666 1616 1733 1643 or-

383 1689 505 1735 natu⁷
526 1678 730 1740 disposita
752 1680 947 1739 quaedam
972 1681 1154 1740 insignia
1175 1689 1218 1723 et
1238 1679 1415 1723 lumina.

444 1762 590 1803 Genus
615 1760 745 1820 igitur
764 1759 936 1803 dicendi
957 1770 1019 1803 est
1039 1758 1305 1820 eligendum,
1329 1760 1445 1820 quod
1468 1761 1651 1805 maxime
1675 1770 1732 1806 te-

381 1849 478 1883 neat
501 1857 590 1896 eos,
619 1841 691 1900 qui
723 1840 920 1895 audiant,
946 1850 987 1884 et
1012 1840 1128 1900 quod
1151 1857 1238 1884 non
1262 1839 1402 1884 solum
1425 1841 1632 1899 delectet,
1659 1842 1734 1887 sed

380 1920 506 1962 etiam
534 1920 623 1963 sine
646 1920 836 1963 satietate
856 1919 1060 1963 delectet:
1083 1936 1169 1963 non
1188 1921 1300 1963 enim
1323 1936 1347 1964 a
1367 1937 1434 1964 me
1456 1921 1545 1981 jam
1568 1938 1733 1982 exspec-

381 2001 460 2042 tari
482 2010 607 2059 puto,
631 2010 678 2043 ut
703 2017 921 2057 moneam,
951 2009 999 2043 ut
1019 2001 1227 2056 caveatis,
1253 2017 1305 2044 ne
1334 2000 1474 2057 exilis,
1493 2018 1546 2045 ne
1567 2001 1730 2046 inculta

380 2080 434 2122 sit
456 2090 594 2123 vestra
629 2082 789 2135 oratio,
828 2098 880 2124 ne
904 2080 1113 2141 vulgaris,
1151 2098 1204 2125 ne
1227 2080 1437 2137 obsoleta3
1464 2081 1582 2126 aliud
1602 2082 1732 2142 quid-

381 2158 477 2202 dam
492 2160 571 2219 maj
580 2177 626 2203 us
639 2195 650 2217 ‚
674 2171 715 2203 et
740 2162 910 2222 ingenia
927 2179 993 2205 me
1008 2162 1240 2206 hortantur
1260 2172 1417 2219 vestra,
1442 2173 1483 2206 et
1498 2172 1656 2208 aetates.

443 2240 627 2284 Difficile
663 2242 776 2284 enim
801 2241 915 2285 dictu
948 2252 1036 2297 est,
1057 2259 1254 2302 quaenam
1284 2259 1411 2287 causa
1442 2244 1516 2300 sit,
1546 2261 1624 2288 eur
1657 2261 1729 2303 ea,

380 2337 472 2380 quae
495 2322 677 2364 maxime
700 2338 844 2366 sensus
869 2333 1037 2367 nostros
1059 2323 1286 2384 impellunt
1317 2323 1557 2385 voluptate,
1577 2335 1618 2369 et
1637 2342 1731 2386 spe-

381 2401 442 2443 cie
469 2402 607 2460 prima
629 2404 832 2446 acerrime
856 2414 1149 2461 commovent,
1169 2405 1222 2448 ab
1245 2406 1295 2449 iis
1313 2404 1532 2449 celerrime
1560 2405 1729 2450 fastidio

382 2481 567 2540 quodam
595 2491 636 2524 et
661 2483 850 2526 satietate
877 2483 1181 2528 abalienemur.
1208 2486 1385 2542 Quanto
1411 2484 1603 2529 colorum
1631 2484 1731 2546 pul-

382 2561 623 2605 chritudine
660 2573 700 2606 et
724 2564 926 2608 varietate
955 2565 1173 2609 floridiora
1195 2576 1294 2609 sunt
1326 2567 1369 2608 in
1404 2566 1583 2625 picturis
1606 2566 1727 2609 novis
