1843 3166
703 211 846 245 LIBER
881 212 906 245 1.
1439 215 1484 258 7'3

126 293 216 353 ejus
241 294 370 338 studii
397 295 472 337 tibi
503 303 543 336 et
567 294 765 337 hortator
789 305 828 338 et
859 296 1064 355 magister
1086 306 1197 339 esset
1222 297 1357 353 domi,
1384 299 1493 341 veri*

125 384 193 417 tus
219 390 280 431 es,
319 375 395 417 nisi
425 376 549 417 istam
574 383 711 417 artem
734 375 934 418 oratione
963 392 1286 436 exaggerasses,
1316 394 1367 419 ne
1392 394 1473 437 ope

125 471 217 498 ram
240 455 512 515 perdidisses.

188 536 271 579 Sed
308 551 387 595 ego
422 551 474 578 ne
508 552 606 579 cum
644 537 723 579 ista
756 536 934 595 quidem
968 547 1060 580 arte
1096 554 1256 598 pugno.
1295 537 1358 581 Sit
1396 553 1495 580 sanc

125 626 267 671 tanta,
300 625 508 674 quantam
537 625 584 659 tu
614 615 731 659 illam
761 633 852 660 esse
883 618 959 661 vis.
991 619 1165 661 Etenim
1199 619 1290 662 sine
1319 627 1496 661 contro-

124 697 262 739 versia
279 706 322 739 et
345 713 502 757 magna
521 705 603 752 est,
628 706 670 740 et
688 695 773 740 late
794 707 931 758 patet,
955 708 998 741 et
1022 697 1076 741 ad
1100 697 1261 742 multos
1286 698 1495 758 pertinet,

123 786 166 820 ct
194 793 364 820 summo
390 778 433 820 in
463 778 630 821 honore
663 794 832 839 semper
857 779 959 834 fuit,
984 789 1025 822 et
1054 778 1284 823 clarissimi
1310 780 1426 822 cives
1457 779 1495 822 ci

126 857 270 901 studio
296 859 426 901 etiam
447 858 577 903 hodie
600 869 804 919 praesunt.
843 859 927 904 Sed
951 860 1071 916 vide,
1094 862 1266 917 Crasse,
1293 876 1366 917 ne,
1391 859 1495 902 dum

123 955 236 982 novo
255 949 298 982 et
318 937 460 982 alieno
479 949 635 983 ornatu
657 939 762 983 velis
786 957 942 984 ornare
960 942 1070 1002 juris
1091 941 1230 985 civilis
1252 941 1496 995 scientiam,

123 1036 200 1063 suo
238 1036 413 1080 quoque
443 1037 537 1064 eam
572 1038 778 1065 concesso
809 1032 852 1065 et
883 1021 1044 1065 tradito
1073 1022 1230 1083 spolies
1259 1031 1389 1082 atque
1419 1021 1493 1064 de-

123 1099 270 1144 nudes.
289 1102 425 1157 Nam,
446 1101 481 1144 si
505 1101 563 1144 ita
587 1100 772 1158 diceres,
794 1102 868 1162 qui
889 1101 1228 1162 jurisconsultus
1252 1112 1380 1157 esset,
1405 1118 1495 1145 esse

123 1197 223 1223 eum
253 1191 491 1237 oratorem,
518 1182 708 1242 itemque
730 1184 805 1243 qui
832 1193 942 1226 esset
967 1193 1135 1238 orator,
1155 1184 1266 1243 juris
1292 1182 1493 1226 eumdem

121 1278 212 1305 esse
233 1261 479 1306 consultum
498 1280 506 1305 :
530 1261 757 1323 praeclaras
779 1263 885 1307 duas
906 1274 1020 1307 artes
1038 1265 1345 1318 constitueres,
1364 1272 1493 1322 atque

122 1343 237 1385 inter
259 1358 303 1386 se
324 1359 473 1403 pares,
500 1353 541 1387 et
566 1344 761 1404 ejusdem
785 1345 922 1387 socias
949 1343 1187 1404 dignitatis.
1219 1345 1352 1389 Nunc
1375 1360 1492 1399 vero,

117 1423 479 1483 jurisconsultum
503 1425 595 1468 sine
619 1425 701 1468 hac
726 1424 1000 1485 eloquentia,
1033 1424 1086 1468 de
1115 1441 1201 1485 qua
1224 1426 1460 1486 quaerimus
1479 1459 1490 1479 ,

121 1503 268 1547 fateris
291 1521 384 1548 esse
406 1521 554 1565 posse,
584 1505 803 1565 fuisseque
825 1505 1065 1566 plurimos,
1090 1516 1310 1550 oratorem
1336 1522 1487 1566 negas,

121 1586 204 1628 nisi
234 1583 353 1628 illam
380 1587 604 1630 scientiam
632 1588 909 1643 assumserit,
944 1603 1036 1630 esse
1059 1603 1196 1647 posse.
1228 1589 1295 1630 Ita
1318 1596 1383 1630 est
1410 1586 1490 1629 tibi

118 1665 459 1725 jurisconsultus
493 1668 583 1726 ipse
612 1683 690 1726 per
719 1683 762 1709 se
790 1665 927 1722 nihil,
961 1667 1044 1710 nisi
1072 1665 1282 1727 leguleius
1311 1665 1488 1726 quidam

125 1756 276 1790 cautus
301 1756 343 1790 et
365 1756 539 1802 acutus,
566 1763 707 1806 praeco
734 1747 977 1802 actionum,
1003 1755 1156 1790 cantor
1176 1745 1487 1801 formularum,

120 1843 276 1886 auceps
303 1825 588 1887 syllabarum3
631 1827 704 1869 sed
730 1827 832 1886 quia
858 1843 968 1886 saepe
994 1827 1133 1870 utitur
1164 1836 1314 1870 orator
1345 1826 1484 1870 subsi-

121 1906 193 1949 dio
216 1907 328 1966 juris
355 1907 399 1949 in
425 1907 584 1962 causis,
627 1906 791 1950 idcirco
830 1907 956 1950 istam
989 1907 1100 1966 juris
1138 1908 1363 1950 scientiam
1397 1905 1486 1950 elo-

121 1987 306 2046 quentiae
328 1997 534 2047 tanquam
559 1986 811 2030 ancillulam
840 1986 1209 2047 pedisequamque
1233 1987 1482 2047 adjunxisti.

183 2069 295 2112 LVI.
331 2067 463 2125 Quod
499 2084 602 2111 vero
637 2067 953 2128 impudentiam
985 2067 1225 2111 admiratus
1256 2084 1300 2111 es
1332 2084 1484 2112 eorum

122 2157 434 2208 patronorum,
475 2150 549 2208 qui
582 2158 678 2204 aut,
719 2164 854 2208 quum
890 2164 1025 2208 parva
1060 2149 1298 2202 nescirent,
1330 2164 1485 2209 magna

123 2228 449 2288 profiterentur,
476 2238 552 2271 aut
574 2245 643 2285 ea,
670 2244 765 2288 quae
788 2228 976 2271 maxima
996 2238 1139 2271 essent
1158 2230 1202 2271 in
1223 2228 1322 2288 jure
1344 2228 1486 2284 civili,

122 2317 307 2351 tractare
331 2307 542 2351 auderent
576 2310 620 2352 in
649 2297 811 2365 causis,
850 2325 986 2368 quum
1014 2325 1063 2353 ea
1090 2310 1329 2366 nescirent,
1370 2326 1486 2353 nun-

121 2404 338 2448 quamque
360 2387 638 2444 didicissent3
661 2389 890 2448 utriusque
917 2390 977 2432 rei
1001 2388 1137 2432 facilis
1159 2399 1224 2433 est
1247 2399 1291 2433 et
1313 2400 1487 2450 promta

123 2468 326 2512 defensio.
358 2470 472 2512 Nam
498 2485 638 2528 neque
664 2469 770 2512 illud
803 2479 867 2512 est
895 2470 1164 2527 mirandum,
1198 2471 1300 2529 qui,
1331 2471 1486 2529 quibus

121 2548 263 2592 verbis
298 2550 485 2592 coemtio
520 2548 618 2604 fiat,
666 2551 852 2602 nesciat,
899 2549 1099 2593 eumdem
1137 2552 1228 2610 ejus
1268 2550 1485 2604 mulieris,

121 2645 214 2688 quae
238 2630 529 2673 coemtionem
560 2630 728 2686 fecerit,
761 2647 934 2674 causam
965 2648 1088 2691 posse
1117 2630 1374 2687 defendcre3
1409 2648 1486 2673 nec
