1843 3166
304 181 372 217 150
816 184 875 217 DE
902 184 1138 217 ORATORF,

300 268 398 320 bus,
429 278 473 310 ut
499 268 626 310 rebus
653 268 802 327 gestis,
833 269 864 309 si
894 269 1031 326 justo,
1059 270 1090 311 si
1120 269 1191 327 pio
1220 266 1369 310 dolore
1395 282 1461 309 me
1484 283 1573 310 esse
1595 267 1656 310 af-

300 347 457 390 fectum
474 347 689 403 viderent,
713 348 1001 390 concederent
1019 366 1027 390 :
1049 349 1285 408 praescrtim
1305 349 1337 391 si
1354 349 1396 390 in
1411 347 1504 391 aliis
1520 348 1657 390 causis

301 426 625 482 intellexissent,
645 429 789 470 onmia
807 444 875 470 me
899 445 1068 487 semper
1082 446 1161 488 pro
1178 429 1417 471 amicorum
1433 426 1632 487 periculis
1646 461 1656 481 ,

299 507 404 549 nihil
432 524 619 566 unquam
648 524 726 567 pro
749 524 817 550 me
844 509 936 567 ipso
956 507 1250 567 deprecatum.
1274 509 1344 551 Sic
1369 508 1411 549 in
1442 506 1512 550 illa
1541 508 1657 550 omni

298 586 545 629 defensione
569 596 698 646 atque
717 604 868 644 causa,
889 587 1006 646 quod
1031 604 1120 630 esse
1149 588 1191 630 in
1218 597 1309 630 arte
1332 589 1519 647 positum
1542 586 1655 629 vide-

299 667 439 721 batur,
458 677 505 709 ut
521 667 573 709 de
588 667 679 727 lege.
699 666 881 727 Apuleia
901 668 1110 721 dicerem,
1128 678 1174 710 ut
1190 702 1200 722 ,
1220 668 1324 727 quid
1339 678 1449 711 esset
1464 669 1660 711 minuere

299 748 590 806 majestatem,
627 747 887 807 explicarem
907 782 917 802 ,
950 765 1161 807 perquam
1203 749 1395 791 breviter
1428 750 1657 807 perstrinxi

299 838 426 886 atque
442 828 577 887 attigi.
597 829 671 870 llis
685 827 851 870 duabus
866 828 1062 887 partibus
1078 829 1287 871 orationis
1304 863 1313 883 ,
1330 844 1514 887 quarum
1528 827 1659 871 altera

298 908 629 950 concitationem
655 907 810 962 habet,
838 906 973 950 altera
1001 908 1441 962 commendationem,
1465 924 1559 967 quae
1581 907 1662 951 nii-

300 988 412 1029 nimc
429 988 650 1046 praeceptis
665 988 823 1029 artium
841 997 939 1029 sunt
960 986 1203 1047 perpolitae,
1226 989 1366 1030 omnis
1383 997 1443 1031 cst
1463 1005 1487 1031 a
1506 1005 1574 1031 me
1591 987 1660 1031 illa

297 1083 423 1108 causa
450 1075 654 1120 tractata,
688 1076 735 1109 ut
765 1076 807 1109 et
831 1067 1065 1109 acerrimus
1095 1068 1138 1109 in
1162 1068 1379 1128 Caepionis
1408 1069 1568 1112 invidia
1594 1086 1662 1111 re-

297 1145 515 1199 novanda,
543 1155 583 1187 et
615 1146 657 1188 in
686 1147 791 1189 meis
813 1146 1006 1189 moribus
1031 1162 1133 1207 erga
1161 1164 1278 1191 meos
1302 1150 1567 1193 necessarios
1588 1149 1663 1192 de—

295 1225 509 1269 clai-andis
525 1228 896 1270 mansuetissimus
911 1227 1092 1270 viderer.
1104 1231 1168 1271 Ita
1181 1230 1317 1289 magis
1330 1229 1493 1273 affectis
1508 1231 1662 1274 animis

293 1306 516 1365 judicum,
552 1323 681 1364 quam
716 1307 880 1364 doctis,
916 1317 1012 1365 tua,
1045 1307 1235 1368 Sulpici,
1266 1320 1329 1352 est
1357 1327 1380 1354 a
1414 1311 1538 1355 nobis
1571 1321 1661 1354 tum

296 1386 513 1429 accusatio
543 1387 667 1428 victa.

360 1467 408 1508 L.
434 1493 496 1499 —
521 1468 603 1510 Hic
632 1465 868 1527 Sulpicius,
900 1469 1016 1512 Vere
1044 1468 1249 1525 hercule,
1279 1471 1448 1530 inquit,
1478 1473 1662 1527 Antoni,

296 1548 376 1590 ista
390 1563 699 1591 commemoras
724 1565 732 1590 :
758 1566 857 1591 nam
875 1566 954 1609 ego
972 1549 1078 1592 nihil
1097 1567 1289 1609 unquam
1310 1551 1419 1607 vidi,
1445 1551 1561 1611 quod
1576 1562 1662 1595 tam

298 1642 319 1668 c
335 1627 534 1669 manibus
548 1625 806 1683 elaberetur,
824 1645 953 1687 quam
969 1630 1074 1671 mihi
1094 1640 1183 1672 tum
1201 1640 1263 1673 est
1279 1630 1420 1691 elapsa
1436 1631 1506 1675 illa
1522 1649 1660 1676 causa.

293 1708 442 1763 Quum
472 1707 587 1749 enim
612 1707 1011 1767 (quemadmodum
1038 1709 1208 1769 dixisti)
1233 1711 1310 1753 tibi
1336 1728 1415 1772 ego
1437 1728 1523 1755 non
1548 1712 1664 1771 judi-

293 1788 408 1830 cium
420 1821 429 1839 ,
445 1785 518 1829 sed
534 1787 786 1830 incendium
804 1788 1095 1844 tradidissem3
1115 1790 1230 1850 quod
1245 1801 1367 1834 tuum
1380 1792 1662 1852 principium,

294 1866 353 1908 dii
378 1866 668 1922 immortales,
694 1867 798 1911 fuit?
821 1870 895 1928 qui
923 1869 1079 1913 timor?
1106 1887 1199 1930 quae
1228 1871 1473 1915 dubitatio?
1503 1883 1663 1932 quanta

293 1946 531 2002 haesitatio,
569 1956 820 2008 tractusque
850 1949 1113 1993 verborum?
1141 1953 1202 1994 Ut
1237 1950 1343 1993 illud
1369 1952 1516 2006 initio,
1546 1951 1663 2011 quod

294 2027 371 2069 tibi
399 2043 534 2070 unum
561 2027 614 2070 ad
638 2029 951 2088 ignoscendum
975 2031 1172 2074 homines
1192 2031 1373 2087 dabant,
1399 2033 1595 2088 tenuisti,
1621 2042 1662 2076 te

293 2122 372 2164 pro
401 2106 577 2148 homine
602 2109 946 2166 pernecessario,
972 2121 1182 2169 quaestore
1207 2121 1302 2165 tuo,
1328 2111 1470 2154 dicere
1495 2129 1503 2154 :
1533 2129 1660 2172 quam

294 2185 371 2227 tibi
392 2186 581 2244 primum
603 2189 780 2231 munisti
811 2188 863 2231 ad
889 2199 929 2232 te
949 2190 1215 2234 audiendum
1238 2192 1382 2235 viam?

358 2266 470 2308 Ecce
485 2275 651 2320 autem,
678 2283 813 2326 quum
839 2278 878 2312 te
898 2269 1006 2312 nihil
1025 2269 1142 2313 aliud
1163 2272 1397 2331 profecisse
1410 2272 1660 2327 arbitrarer,

293 2344 374 2385 nisi
400 2354 445 2386 ut
475 2345 674 2388 homines
697 2347 792 2401 tibi,
818 2349 955 2392 civem
981 2350 1228 2410 improbum
1249 2351 1518 2407 defendenti,
1542 2353 1660 2412 igno-

292 2422 499 2465 scendum
526 2435 703 2484 propter
733 2430 1094 2472 necessitudinem
1124 2431 1454 2486 arbitrarentur,
1486 2448 1657 2491 serpere

294 2501 460 2545 occulte
476 2505 662 2563 coepisti,
679 2507 893 2551 nihildum
908 2508 1001 2552 aliis
1015 2512 1354 2569 suspicantibus,
1371 2528 1436 2554 me.
1452 2528 1553 2555 vero
1572 2513 1656 2571 jam

295 2583 645 2639 pertimescente,
693 2597 732 2628 ut
767 2586 900 2635 illam,
933 2606 1018 2632 non
1048 2591 1242 2634 Norbani
1278 2591 1554 2647 seditionem,
1584 2593 1655 2635 sed
