1843 3166
604 217 699 252 ADN
707 217 994 253 OTATIONES.
1410 224 1480 269 293

130 292 272 328 nobiles
292 293 388 328 cives
407 293 462 328 sui
486 293 677 338 temporis,
704 300 744 328 ut
764 294 800 328 in
819 294 1000 339 Vettium,
1028 301 1064 329 et
1083 295 1280 331 Scaevolam
1295 324 1304 340 ,
1325 297 1360 331 in
1387 310 1481 344 quo,

132 360 172 387 ut
205 354 253 388 ait
278 354 431 398 Fabius,
455 354 477 388 l.
504 365 548 397 x,
577 354 736 388 eruditio
766 354 856 388 mira
883 354 972 399 fuit,
1003 362 1039 390 et
1069 355 1233 400 libertas;
1258 364 1368 404 atque
1397 358 1482 393 inde

131 413 309 448 acerbitas
335 422 371 449 et
390 412 616 448 abundantia
641 413 734 447 salis.
761 413 865 448 Obiit
888 415 1066 461 Neapoli,
1086 427 1118 450 a.
1138 416 1250 451 aetatis
1277 430 1349 451 suae
1371 417 1428 459 1¹06.

185 483 271 517 Cn.
288 484 424 518 XVIII.
446 483 604 528 Propter
624 482 828 529 navigandi
852 484 1120 529 dtjficulcatem.
1147 485 1282 518 Tosani
1304 486 1397 520 liber
1406 486 1481 530 sa-

130 544 302 577 cultacem
321 544 445 584 habet3
467 542 571 589 quod
594 543 829 578 temerarium
847 544 967 578 videri
990 556 1065 578 non
1086 544 1206 579 debet.
1229 546 1403 579 Gau-nm.

181 604 254 638 Pro
272 616 312 639 se
327 605 477 650 quisque
495 610 536 637 ut
552 611 726 650 poterat,
747 605 793 638 dc
815 604 953 650 officio.
973 605 1098 639 Editio
1120 606 1300 640 vetustior
1319 618 1327 640 t
1350 618 1423 653 pro
1445 619 1484 640 se

128 685 212 718 quoe
241 673 389 719 quisque
415 679 587 719 poterat3
615 685 736 720 neque
767 673 872 708 aliter
901 674 987 707 Pall.
1019 673 1173 720 priores.
1203 675 1297 709 Nam
1321 676 1420 708 Tert.
1449 681 1484 709 et

129 734 361 779 Memm.pro
380 745 419 767 se
445 734 594 780 quisque
621 741 769 780 poterat
795 733 872 768 sine
890 741 938 767 ut.
959 736 1088 779 Quart.
1109 734 1288 779 Quintus,
1309 741 1394 778 etc,
1408 747 1484 781 pro

125 804 166 826 se
183 794 333 840 quisque
359 806 504 835 eorum,
526 802 699 841 quantum
719 794 876 840 quisque
905 801 1063 840 poterat.
1092 795 1307 829 Gulielmius
1328 796 1484 841 putabat

125 850 292 887 sufficere
315 866 383 899 pro
402 866 441 888 se
459 855 608 901 quisquc
634 854 679 888 dc
700 853 845 898 officio,
873 861 940 889 etc.
954 882 963 899 ,
985 854 1124 889 omissis
1143 854 1380 889 intermediis.
1410 856 1480 889 Ga.

179 921 266 956 Cn.
285 922 387 956 XIX.
418 923 577 969 Usquam
596 923 632 956 in
653 934 774 956 corum
794 923 946 957 inc-eniri
973 923 1115 957 libellis.
1136 925 1205 958 Per
1228 930 1480 970 contemptum

125 979 174 1015 ita
193 981 366 1016 dicuntur
383 983 575 1016 rhetorum
593 982 742 1028 scripta,
763 983 874 1028 infra,
895 984 954 1018 23.
975 984 1108 1030 Neque
1137 983 1242 1018 aliter
1260 985 1347 1018 Pall.
1371 984 1479 1030 prio-

124 1053 192 1076 res.
213 1042 293 1076 Scc.
319 1042 499 1085 Memmii,
521 1043 735 1077 Pithaeanus.
756 1044 907 1091 Vulgati
932 1043 1036 1090 prius
1054 1044 1092 1077 in
1118 1056 1245 1078 corum
1265 1043 1378 1078 libris.
1409 1046 1480 1079 Ga.

176 1102 262 1137 CAP.
282 1102 367 1136 XX.
388 1103 480 1136 Huic
499 1104 559 1137 ille
587 1104 838 1150 respondebat.
860 1104 1082 1140 Charmadas
1101 1104 1333 1139 Menedemo.

178 1171 294 1215 Quum
305 1179 481 1218 repeteret
498 1185 608 1219 usque
627 1185 650 1206 a
666 1172 836 1208 Corace...
854 1182 889 1208 et
903 1174 1009 1208 Tisia.
1032 1173 1177 1208 Artium
1197 1173 1393 1220 scriptores
1413 1187 1482 1209 an-

123 1230 333 1277 tiquissimi,
353 1232 402 1266 ait
422 1232 573 1276 Fabius,
599 1245 668 1276 111,
694 1246 706 1267 1
724 1260 734 1277 ‚
759 1235 880 1268 Corax
899 1241 934 1268 et
958 1234 1092 1278 Tisias,
1119 1234 1252 1278 Siculi,
1273 1247 1368 1281 quos
1387 1235 1483 1270 inse-

123 1298 228 1325 cutus
248 1298 317 1335 est,
330 1292 386 1326 vir
406 1292 571 1338 ejusdem
584 1292 729 1338 insulae,
750 1295 906 1341 Gorgias
920 1294 1136 1328 Leontinus.
1158 1294 1290 1329 Suidas
1307 1296 1484 1330 Coracem

123 1353 283 1398 appellat
312 1353 504 1387 rhetoricae
536 1353 777 1389 inventorem.
810 1355 941 1401 Neque
972 1362 1094 1389 tamen
1119 1355 1178 1389 hic
1208 1356 1426 1390 elocutionis
1449 1363 1485 1390 et

122 1413 441 1457 pronunciationis
467 1414 564 1460 leges
583 1414 742 1458 invenit,
764 1421 827 1448 aut
852 1414 1000 1457 docuit3
1020 1414 1084 1448 sed
1103 1414 1150 1447 de
1175 1414 1371 1460 generibus
1396 1427 1483 1449 cau—

122 1484 244 1506 sarum
273 1480 308 1507 et
336 1480 515 1517 statuum,
537 1472 659 1519 deque
684 1474 852 1519 partibus
872 1473 1050 1508 orationis
1068 1474 1210 1520 primus
1228 1474 1386 1509 scribere
1409 1488 1484 1510 coe-

121 1532 176 1578 pit
196 1545 204 1566 :
225 1532 427 1566 forensium
446 1532 570 1579 igitur,
590 1540 625 1567 et
644 1532 840 1580 litigiosam
866 1533 1064 1580 quamdam
1085 1540 1200 1567 artem
1222 1534 1381 1579 invenit,
1406 1548 1484 1569 non

120 1604 245 1627 veram
266 1599 302 1627 et
324 1592 515 1639 propriam
533 1593 812 1638 rempublicam.

178 1661 264 1696 Cn.
295 1661 402 1694 XXI.
432 1660 496 1693 Me
518 1660 743 1706 imprudente
772 1666 806 1693 et
829 1659 947 1693 invito.
967 1659 1016 1696 Μ,
1037 1660 1222 1694 Antonius
1248 1660 1418 1695 etidcirco
1445 1674 1482 1696 se

123 1720 244 1754 aiebat
265 1720 405 1754 nullam
429 1719 637 1754 orationem
663 1719 862 1765 scripsisse,
891 1726 949 1763 ut,
971 1718 999 1753 si
1019 1720 1111 1765 quid
1133 1720 1323 1766 superiore
1340 1721 1482 1766 judicio

123 1788 264 1825 actum,
284 1780 463 1826 ei,quem
488 1787 616 1826 postea
646 1779 864 1815 defensurus
890 1787 1002 1823 esset,
1027 1780 1240 1815 nociturum
1264 1781 1378 1825 foret,
1406 1795 1483 1817 non

124 1842 263 1876 dictum
283 1854 303 1877 a
327 1853 364 1876 se
385 1840 567 1875 affirmare
585 1848 719 1887 posset.
740 1857 755 1872 »
775 1843 919 1875 VALER.
943 1843 1094 1875 MAxm.
1108 1869 1117 1886 ,
1137 1854 1210 1876 v111
1223 1869 1232 1886 ‚
1257 1843 1290 1877 3.
1315 1844 1450 1878 Pausr.

174 1903 258 1937 Non
276 1904 452 1949 despero,
468 1901 557 1947 sore
577 1903 738 1950 aliquem
750 1903 966 1950 aliquando.
981 1904 1036 1937 De
1057 1915 1094 1938 se
1112 1903 1193 1950 ipso
1208 1903 1246 1938 id
1266 1916 1308 1938 ex
1328 1905 1482 1939 Antonii

122 1974 281 2009 persona
301 1962 449 1997 videtur
470 1962 598 1997 Cicero
621 1963 834 2009 praedicare.

176 2034 234 2067 De
259 2032 302 2067 vi
317 2045 363 2066 ac
390 2032 529 2066 ratione
558 2033 717 2067 dicendi.
741 2033 885 2068 Mavult
911 2033 1083 2068 Pearcius
1103 2045 1186 2068 cum
1206 2033 1402 2068 Gulielmio
1424 2035 1480 2069 le—

125 2104 212 2140 gere
230 2093 277 2127 de
294 2093 360 2127 via
387 2104 432 2126 ac
453 2093 590 2126 ratione
611 2106 621 2126 :
644 2093 813 2127 facillime
840 2093 969 2127 ultima
998 2093 1118 2128 littera
1142 2094 1243 2129 vocis
1270 2095 1355 2136 via,
1380 2107 1399 2129 a
1423 2107 1483 2129 se-

126 2153 273 2200 quentis
299 2154 400 2188 vocis
430 2166 475 2187 ac
496 2153 615 2200 prima
644 2153 785 2197 littera,
816 2153 1009 2188 absorberi
1027 2154 1160 2200 potuit.
1182 2155 1369 2189 Manutius
1396 2155 1483 2189 olim

126 2215 243 2249 edidit
273 2215 356 2256 via,
384 2221 421 2249 ct
450 2215 500 2249 sic
530 2215 658 2250 Cicero
688 2215 898 2261 saepissime3
919 2227 952 2259 1,
974 2213 1020 2249 25
1042 2228 1050 2249 ε
1073 2216 1187 2250 «Non
1214 2215 1394 2250 rationem
1425 2216 1480 2250 di-

127 2276 232 2311 cendi
255 2283 290 2310 ct
314 2276 430 2319 viam,
450 2276 513 2310 sed
532 2284 700 2311 naturam
724 2276 893 2311 defuisse.
911 2292 924 2306 »
944 2278 1084 2323 Atque,
1105 2289 1170 2321 111,
1193 2277 1238 2312 36
1261 2290 1268 2311 :
1290 2293 1304 2308 «
1325 2277 1482 2323 Ancipi—

127 2344 180 2372 tes
209 2337 286 2372 vias
308 2337 545 2384 rationesque
574 2337 827 2384 disputandi.»
853 2336 973 2371 Facile
992 2338 1100 2383 plura
1128 2339 1294 2384 exempla
1320 2337 1482 2384 proferri

127 2404 294 2443 possunt.
315 2399 512 2431 PEARcms.

183 2466 269 2500 CAP.
300 2466 427 2500 XXII.
459 2465 557 2499 Utin
584 2466 796 2500 cretionibus
825 2465 934 2499 scribi
950 2466 1052 2499 solet.
1078 2468 1202 2510 Quum
1226 2466 1264 2499 in
1283 2465 1360 2499 aliis
1380 2465 1481 2499 libris

130 2526 233 2560 MSS.
264 2526 480 2572 reperissem
509 2526 684 2573 scriptum
711 2526 949 2568 certc‘om'bus,·
975 2526 1012 2560 in
1039 2526 1136 2571 aliis,
1157 2525 1273 2562 Crassi
1303 2526 1479 2559 orationi—

129 2586 212 2629 bus;
233 2587 269 2622 in
290 2588 380 2631 aliis,
402 2589 629 2631 certioribus,
646 2600 713 2635 ego
742 2587 954 2622 cretionibus
973 2586 1349 2634 reposui,praesertim
1365 2598 1477 2632 quum
